3668 5842
535 941 710 990 romaum
732 940 1017 992 wnmrrausraos
1039 941 1215 992 securos.
1332 927 1397 996 227

348 1130 367 1160 “
389 1130 457 1191 tem
489 1131 526 1192 et
554 1128 727 1194 servitium
758 1129 857 1194 unius
887 1129 1101 1214 quadrantis3
1134 1134 1170 1196 et
1198 1130 1303 1196 dictas
1337 1152 1395 1196 sex
1408 1145 1476 1198 hl).
1491 1151 1562 1198 use.

348 1235 366 1262 “
387 1250 478 1294 acras
491 1235 589 1296 terrae
609 1231 755 1317 jacentes
770 1231 807 1296 in
828 1231 986 1318 praedicto
1001 1233 1104 1298 crofto
1118 1239 1235 1299 vocato
1251 1233 1395 1300 ‘White-

347 1337 365 1364 “
389 1332 531 1411 ‘crofta'
546 1334 711 1420 quondam
726 1333 872 1420 ejusdem
886 1334 910 1400 J
913 1334 1051 1401 ohannis
1065 1336 1210 1417 Pelhem,
1222 1359 1280 1424 per
1290 1337 1395 1402 fideli-

347 1439 491 1503 “tatem
529 1440 564 1503 et
600 1437 774 1502 servitium
811 1435 911 1503 unius
948 1439 1161 1524 quadrantis3
1202 1445 1237 1506 et
1272 1441 1395 1506 dictam

348 1544 572 1605 “carucatam
594 1545 699 1618 terrae,
723 1561 797 1606 cum
820 1540 1038 1627 pertiuentiis,
1058 1542 1225 1628 quondam
1247 1543 1395 1631 predicti

346 1645 362 1674 ‘⁸
385 1641 520 1708 Thomas
540 1641 715 1723 Blckettis,
738 1665 797 1730 per
817 1642 1012 1710 fidelitatem
1034 1648 1069 1710 et
1098 1645 1274 1711 servitium
1295 1647 1410 1710 unius*

344 1747 362 1777 “
388 1745 603 1830 quadrantis3
625 1750 660 1812 et
675 1745 803 1811 dictum
824 1747 966 1812 crottum
981 1751 1087 1826 terrae,
1104 1747 1271 1834 quondam
1293 1747 1395 1814 haere-

346 1847 434 1912 “dis
457 1847 617 1914 Willelmi
639 1848 833 1927 Eccleshals,
855 1871 914 1936 per
943 1849 1141 1916 fidelitatem
1164 1855 1198 1917 et
1221 1850 1394 1916 servitium

345 1954 362 1983 “
383 1949 481 2014 unius
497 1951 689 2037 quadrantis
711 1952 887 2016 annuatim
900 1952 1138 2032 3-redditibus
1161 1953 1327 2041 praedictis
1350 1953 1393 2018 ad

344 2058 362 2084 “
383 2051 509 2118 dictum
532 2053 667 2120 Festum
683 2052 797 2120 Sancti
813 2053 983 2120 Michaelis
997 2054 1197 2142 Archangeli
1219 2056 1394 2120 annuatim

343 2159 361 2188 ‘¹
382 2155 546 2220 solvendis
555 2177 667 2243 ;-pro
679 2156 832 2221 omnibus
843 2156 916 2222 ahie
928 2157 1080 2237 servitiis,
1093 2157 1393 2236 consuetudinibus,

343 2264 361 2292 “
382 2257 575 2340 actionibus,
600 2264 635 2325 et
657 2259 836 2340 demendis,
858 2281 918 2347 pro
951 2259 1073 2325 eisdem
1104 2261 1202 2327 terris
1233 2265 1266 2326 et
1301 2265 1393 2326 teue-

344 2363 502 2427 “mentis
525 2361 653 2440 debitis,
677 2361 748 2427 sive
771 2362 977 2441 exeuntibus,
995 2385 1054 2449 per
1075 2368 1253 2450 praesentes
1275 2384 1393 2451 appro-

342 2471 360 2496 “
382 2462 484 2543 basse,
505 2464 692 2547 ratificasse‚
707 2467 742 2529 et
765 2464 992 2546 confirmasse3
1016 2487 1054 2530 ac
1076 2465 1211 2554 iusuper
1233 2465 1394 2531 remisisse

343 2570 417 2631 “et
446 2566 617 2646 relaxasse,
644 2572 678 2633 et
709 2568 842 2634 omnino
874 2589 933 2654 pro
962 2566 1058 2632 nobis
1091 2573 1126 2633 et
1157 2566 1395 2634 successoribus

341 2677 359 2702 “
381 2669 574 2735 nostfis1in
591 2673 787 2758 perpetuum
806 2670 1134 2757 quietum-clamasse,
1148 2669 1254 2735 eidem
1269 2669 1395 2735 Radul-

344 2779 361 2806 “
383 2771 448 2858 pho
479 2778 513 2838 et
541 2771 729 2840 haeredibus
753 2774 822 2839 suis
844 2777 955 2838 totum
982 2771 1039 2858 jus
1061 2777 1222 2853 nostrum,
1244 2772 1393 2852 titulum,

342 2879 362 2908 “
383 2875 551 2954 clameum,
587 2876 794 2954 demendum,
828 2881 863 2941 et
899 2877 1066 2957 interesse,
1101 2895 1175 2960 quae
1209 2874 1393 2958 habuimus,

343 2984 361 3012 “
382 2976 547 3058 habemus,
571 2999 628 3043 seu
651 2977 865 3066 quovismodo
887 2977 1007 3042 habere
1030 2977 1220 3065 poterimus,
1236 2977 1277 3042 de
1300 2982 1334 3042 et
1357 2977 1393 3040 in

342 3087 360 3113 “
383 3080 536 3146 omnibus
558 3081 632 3146 eliis
654 3081 807 3162 servitiis,
831 3079 1065 3158 exactionibus,
1080 3084 1114 3145 et
1137 3078 1316 3159 demendis,
1333 3100 1393 3166 pro

342 3191 360 3216 “
381 3183 549 3271 praedictis
577 3182 739 3263 maneriis,
760 3184 866 3262 terris,
890 3187 926 3249 et
953 3183 1161 3263 tenementis,
1185 3187 1305 3269 praeter
1333 3180 1392 3247 ho·

341 3293 360 3324 “
381 3287 536 3374 megium,
571 3287 777 3368 fidelitatem,
820 3291 854 3352 et
899 3285 1068 3352 redditum
1111 3284 1319 3351 denariorum
1358 3289 1393 3350 et

343 3393 361 3424 “
382 3389 617 3475 quadrantium
632 3391 781 3476 superius
797 3388 1057 3476 specificatorum
1073 3391 1108 3453 et
1122 3386 1391 3453 'reservatorum

341 3496 360 3527 “
383 3491 433 3557 Ac
454 3492 596 3579 insuper,
618 3491 778 3558 noveritis
801 3513 869 3569 nos,
883 3491 1040 3578 praefatos
1062 3489 1229 3556 Abbatem
1251 3495 1285 3555 et
1307 3489 1393 3555 Con·

342 3601 362 3628 “
383 3599 532 3675 ventum,
555 3594 643 3681 quod
664 3616 739 3660 cum
757 3593 898 3659 Thomas
914 3593 1067 3674 Bottiler,
1085 3591 1188 3672 Miles,
1206 3591 1406 3658 willelmus

341 3703 360 3731 “
382 3695 542 3776 Beaufitz‚
565 3701 600 3763 et
622 3695 806 3762 Willehnus
828 3695 974 3782 Heynes,
997 3701 1134 3761 teneant
1160 3695 1201 3760 de
1223 3695 1327 3774 nobis,
1352 3699 1393 3759 ut

342 3799 418 3862 “in
436 3799 511 3884 jure
533 3799 723 3864 monasterii
745 3798 851 3864 nostri
873 3797 1034 3884 praedicti,
1050 3819 1155 3863 unum
1177 3797 1391 3884 mesuagium,

342 3907 360 3936 ‘¹
383 3901 513 3967 diversa
545 3906 650 3967 terras
684 3907 719 3967 et
754 3903 988 3978 tenementum,
1024 3904 1142 3966 vocata
1174 3897 1393 3985 ‘Langeleye,'

342 4010 360 4037 “
381 4025 454 4070 cum
476 4004 694 4091 pertinentiis,
718 4003 755 4067 in
777 4002 1071 4090 Rykmersworthe
1098 4000 1265 4088 praedicta,
1288 4021 1393 4087 nuper

342 4113 358 4140 “
380 4105 417 4171 in
439 4112 559 4173 tenura
574 4107 695 4196 Rogeri
710 4105 860 4194 Lynster,
877 4127 936 4193 per
958 4105 1155 4170 fidelitatem
1171 4108 1205 4168 ct
1224 4102 1392 4169 redditum

341 4217 359 4243 “
382 4211 493 4276 decem
515 4209 694 4277 solidorum
709 4209 884 4274 annuatim
899 4231 959 4295 per
974 4229 1108 4285 anuum,
1124 4205 1260 4286 dedisse,
1277 4209 1312 4270 et
1333 4227 1392 4292 per

340 4317 559 4399 “praesentes
596 4312 799 4394 concessisse,
833 4311 992 4398 praedicto
1023 4295 1200 4430 Radprlpho
1231 4305 1393 4373 Botteller

341 4419 501 4481 “novem
528 4413 648 4482 solidos
678 4421 713 4481 et
735 4414 888 4480 undecim
920 4411 1080 4494 denarios,
1103 4409 1278 4500 parcellam
1311 4409 1392 4475 dieti

340 4523 358 4551 “
379 4518 529 4584 redditus
551 4518 662 4584 decem
677 4517 863 4596 solidorum,
879 4514 1068 4582 habendum
1092 4517 1127 4579 et
1147 4511 1392 4600 percipiendum

376 4745 384 4775 ¹
397 4747 571 4812 imperpetuum
582 4745 611 4795 in
622 4743 679 4796 MS.
893 4739 1114 4806 nea-Margum
1126 4739 1195 4792 Note
1206 4739 1233 4790 in
1244 4739 1301 4792 MS.

373 4823 469 4876 ²Nota
479 4824 517 4876 hic
534 4825 720 4876 emanationem
736 4824 847 4876 eccide-
1196 4903 1218 4953 P
1241 4891 1262 4952 2
