<?xml version="1.0" encoding="UTF-8"?>
<!DOCTYPE html PUBLIC "-//W3C//DTD XHTML 1.0 Transitional//EN"
    "http://www.w3.org/TR/xhtml1/DTD/xhtml1-transitional.dtd">
<html xmlns="http://www.w3.org/1999/xhtml" xml:lang="en" lang="en">
 <head>
  <title>
</title>
<meta http-equiv="Content-Type" content="text/html;charset=utf-8" />
  <meta name='ocr-system' content='tesseract 3.04.00' />
  <meta name='ocr-capabilities' content='ocr_page ocr_carea ocr_par ocr_line ocrx_word'/>
</head>
<body>
  <div class='ocr_page' id='page_1' title='image "./registraquorund00wallgoog_0315.png"; bbox 0 0 3668 5842; ppageno 0'>
   <div class='ocr_carea' id='block_1_1' title="bbox 506 863 1372 933">
    <p class='ocr_par' dir='ltr' id='par_1_1' title="bbox 506 863 1372 933">
     <span class='ocr_line' id='line_1_1' title="bbox 506 863 1372 933; baseline 0 -7"><span class='ocrx_word' id='word_1_1' title='bbox 506 877 680 926; x_wconf 72' lang='lat' dir='ltr'><strong>contusis</strong></span> <span class='ocrx_word' id='word_1_2' title='bbox 703 876 987 926; x_wconf 73' lang='lat' dir='ltr'><strong>waurnlusrunn</strong></span> <span class='ocrx_word' id='word_1_3' title='bbox 1010 877 1184 927; x_wconf 72' lang='lat' dir='ltr'><strong>securum.</strong></span> <span class='ocrx_word' id='word_1_4' title='bbox 1308 863 1372 933; x_wconf 82' lang='lat'><strong>257</strong></span> 
     </span>
    </p>
   </div>
   <div class='ocr_carea' id='block_1_2' title="bbox 271 1064 1538 4906">
    <p class='ocr_par' dir='ltr' id='par_1_2' title="bbox 323 1064 1538 2987">
     <span class='ocr_line' id='line_1_2' title="bbox 323 1064 1538 1150; baseline 0.002 -21"><span class='ocrx_word' id='word_1_5' title='bbox 323 1073 340 1100; x_wconf 88' lang='lat'>“</span> <span class='ocrx_word' id='word_1_6' title='bbox 358 1064 653 1150; x_wconf 89' lang='lat' dir='ltr'><strong>jurisdictionibus,</strong></span> <span class='ocrx_word' id='word_1_7' title='bbox 684 1064 982 1142; x_wconf 71' lang='lat' dir='ltr'><strong>commoditatibus,</strong></span> <span class='ocrx_word' id='word_1_8' title='bbox 1009 1065 1078 1131; x_wconf 90' lang='lat' dir='ltr'><strong>sive</strong></span> <span class='ocrx_word' id='word_1_9' title='bbox 1108 1065 1370 1146; x_wconf 89' lang='lat' dir='ltr'><strong>auctoritatibus,</strong></span> <span class='ocrx_word' id='word_1_10' title='bbox 1385 1081 1538 1133; x_wconf 79' lang='lat' dir='ltr'><strong>A.D.14⁵o.</strong></span> 
     </span>
     <span class='ocr_line' id='line_1_3' title="bbox 323 1165 1371 1255; baseline 0 -23"><span class='ocrx_word' id='word_1_11' title='bbox 323 1173 342 1202; x_wconf 92' lang='lat'><strong>“</strong></span> <span class='ocrx_word' id='word_1_12' title='bbox 364 1172 422 1232; x_wconf 88' lang='lat' dir='ltr'><strong>aut</strong></span> <span class='ocrx_word' id='word_1_13' title='bbox 446 1166 487 1231; x_wconf 90' lang='lat' dir='ltr'><strong>de</strong></span> <span class='ocrx_word' id='word_1_14' title='bbox 510 1167 620 1252; x_wconf 89' lang='lat' dir='ltr'><strong>aliqua</strong></span> <span class='ocrx_word' id='word_1_15' title='bbox 641 1167 768 1244; x_wconf 87' lang='lat' dir='ltr'><strong>aliare,</strong></span> <span class='ocrx_word' id='word_1_16' title='bbox 792 1189 928 1255; x_wconf 81' lang='lat' dir='ltr'><strong>parvos</strong></span> <span class='ocrx_word' id='word_1_17' title='bbox 948 1168 1042 1232; x_wconf 83' lang='lat' dir='ltr'><strong>factis</strong></span> <span class='ocrx_word' id='word_1_18' title='bbox 1063 1167 1226 1253; x_wconf 78' lang='lat' dir='ltr'><strong>aliquibus</strong></span> <span class='ocrx_word' id='word_1_19' title='bbox 1252 1165 1371 1251; x_wconf 87' lang='lat' dir='ltr'><strong>Majori</strong></span> 
     </span>
     <span class='ocr_line' id='line_1_4' title="bbox 324 1266 1372 1353; baseline -0.001 -19"><span class='ocrx_word' id='word_1_20' title='bbox 324 1277 342 1303; x_wconf 90' lang='lat'><strong>“</strong></span> <span class='ocrx_word' id='word_1_21' title='bbox 364 1275 398 1334; x_wconf 93' lang='lat' dir='ltr'><strong>et</strong></span> <span class='ocrx_word' id='word_1_22' title='bbox 419 1267 659 1347; x_wconf 87' lang='lat' dir='ltr'><strong>communitati,</strong></span> <span class='ocrx_word' id='word_1_23' title='bbox 676 1268 795 1352; x_wconf 86' lang='lat' dir='ltr'><strong>Majori</strong></span> <span class='ocrx_word' id='word_1_24' title='bbox 818 1273 851 1334; x_wconf 90' lang='lat' dir='ltr'><strong>et</strong></span> <span class='ocrx_word' id='word_1_25' title='bbox 866 1267 1128 1346; x_wconf 87' lang='lat' dir='ltr'><strong>Vicecomitibus‚</strong></span> <span class='ocrx_word' id='word_1_26' title='bbox 1146 1266 1274 1353; x_wconf 87' lang='lat' dir='ltr'><strong>Majori,</strong></span> <span class='ocrx_word' id='word_1_27' title='bbox 1290 1268 1372 1334; x_wconf 91' lang='lat' dir='ltr'><strong>civi·</strong></span> 
     </span>
     <span class='ocr_line' id='line_1_5' title="bbox 323 1370 1370 1457; baseline 0 -21"><span class='ocrx_word' id='word_1_28' title='bbox 323 1381 340 1407; x_wconf 89' lang='lat'>“</span> <span class='ocrx_word' id='word_1_29' title='bbox 361 1371 431 1450; x_wconf 90' lang='lat' dir='ltr'><strong>bus,</strong></span> <span class='ocrx_word' id='word_1_30' title='bbox 454 1377 489 1436; x_wconf 91' lang='lat' dir='ltr'><strong>et</strong></span> <span class='ocrx_word' id='word_1_31' title='bbox 514 1370 752 1448; x_wconf 77' lang='lat' dir='ltr'><strong>communitati,</strong></span> <span class='ocrx_word' id='word_1_32' title='bbox 776 1370 911 1451; x_wconf 88' lang='lat' dir='ltr'><strong>civibus,</strong></span> <span class='ocrx_word' id='word_1_33' title='bbox 937 1370 1063 1456; x_wconf 89' lang='lat' dir='ltr'><strong>Majori,</strong></span> <span class='ocrx_word' id='word_1_34' title='bbox 1086 1376 1121 1436; x_wconf 89' lang='lat' dir='ltr'><strong>et</strong></span> <span class='ocrx_word' id='word_1_35' title='bbox 1144 1370 1370 1457; x_wconf 82' lang='lat' dir='ltr'><strong>burgensibus,</strong></span> 
     </span>
     <span class='ocr_line' id='line_1_6' title="bbox 323 1472 1370 1558; baseline 0 -20"><span class='ocrx_word' id='word_1_36' title='bbox 323 1481 342 1508; x_wconf 79' lang='lat'><strong>‘¹</strong></span> <span class='ocrx_word' id='word_1_37' title='bbox 366 1472 492 1558; x_wconf 84' lang='lat' dir='ltr'><strong>Majori‚</strong></span> <span class='ocrx_word' id='word_1_38' title='bbox 508 1473 645 1552; x_wconf 90' lang='lat' dir='ltr'><strong>civibus,</strong></span> <span class='ocrx_word' id='word_1_39' title='bbox 660 1477 695 1538; x_wconf 88' lang='lat' dir='ltr'><strong>et</strong></span> <span class='ocrx_word' id='word_1_40' title='bbox 719 1472 955 1538; x_wconf 84' lang='lat' dir='ltr'><strong>successoribus</strong></span> <span class='ocrx_word' id='word_1_41' title='bbox 977 1473 1054 1552; x_wconf 92' lang='lat' dir='ltr'><strong>suis,</strong></span> <span class='ocrx_word' id='word_1_42' title='bbox 1078 1472 1206 1556; x_wconf 85' lang='lat' dir='ltr'><strong>Majcri,</strong></span> <span class='ocrx_word' id='word_1_43' title='bbox 1231 1472 1370 1550; x_wconf 79' lang='lat' dir='ltr'><strong>ballivis,</strong></span> 
     </span>
     <span class='ocr_line' id='line_1_7' title="bbox 325 1571 1370 1660; baseline 0.002 -22"><span class='ocrx_word' id='word_1_44' title='bbox 325 1580 343 1609; x_wconf 90' lang='lat'><strong>“</strong></span> <span class='ocrx_word' id='word_1_45' title='bbox 365 1575 590 1660; x_wconf 84' lang='lat' dir='ltr'><strong>burgensibus,</strong></span> <span class='ocrx_word' id='word_1_46' title='bbox 622 1579 656 1639; x_wconf 91' lang='lat' dir='ltr'><strong>et</strong></span> <span class='ocrx_word' id='word_1_47' title='bbox 686 1571 924 1654; x_wconf 75' lang='lat' dir='ltr'><strong>communitati,</strong></span> <span class='ocrx_word' id='word_1_48' title='bbox 956 1573 1084 1659; x_wconf 85' lang='lat' dir='ltr'><strong>Majori,</strong></span> <span class='ocrx_word' id='word_1_49' title='bbox 1108 1572 1370 1654; x_wconf 87' lang='lat' dir='ltr'><strong>Viceocmitibus,</strong></span> 
     </span>
     <span class='ocr_line' id='line_1_8' title="bbox 325 1674 1370 1760; baseline -0.001 -19"><span class='ocrx_word' id='word_1_50' title='bbox 325 1682 344 1711; x_wconf 83' lang='lat'><strong>‘¹</strong></span> <span class='ocrx_word' id='word_1_51' title='bbox 365 1683 400 1741; x_wconf 89' lang='lat' dir='ltr'><strong>et</strong></span> <span class='ocrx_word' id='word_1_52' title='bbox 425 1675 664 1753; x_wconf 78' lang='lat' dir='ltr'><strong>communiisti,</strong></span> <span class='ocrx_word' id='word_1_53' title='bbox 695 1675 813 1760; x_wconf 89' lang='lat' dir='ltr'><strong>Majori</strong></span> <span class='ocrx_word' id='word_1_54' title='bbox 837 1680 872 1741; x_wconf 87' lang='lat' dir='ltr'><strong>ct</strong></span> <span class='ocrx_word' id='word_1_55' title='bbox 902 1674 1042 1755; x_wconf 80' lang='lat' dir='ltr'><strong>ballivis,</strong></span> <span class='ocrx_word' id='word_1_56' title='bbox 1068 1675 1200 1740; x_wconf 83' lang='lat' dir='ltr'><strong>ballivis</strong></span> <span class='ocrx_word' id='word_1_57' title='bbox 1230 1683 1265 1741; x_wconf 89' lang='lat' dir='ltr'><strong>et</strong></span> <span class='ocrx_word' id='word_1_58' title='bbox 1293 1675 1370 1741; x_wconf 85' lang='lat' dir='ltr'><strong>bur-</strong></span> 
     </span>
     <span class='ocr_line' id='line_1_9' title="bbox 324 1776 1371 1864; baseline 0.002 -22"><span class='ocrx_word' id='word_1_59' title='bbox 324 1783 343 1812; x_wconf 86' lang='lat'><strong>“</strong></span> <span class='ocrx_word' id='word_1_60' title='bbox 364 1778 524 1864; x_wconf 89' lang='lat' dir='ltr'><strong>gensibus,</strong></span> <span class='ocrx_word' id='word_1_61' title='bbox 538 1777 755 1864; x_wconf 81' lang='lat' dir='ltr'><strong>burgensibus</strong></span> <span class='ocrx_word' id='word_1_62' title='bbox 776 1783 811 1842; x_wconf 91' lang='lat' dir='ltr'><strong>et</strong></span> <span class='ocrx_word' id='word_1_63' title='bbox 832 1777 972 1855; x_wconf 81' lang='lat' dir='ltr'><strong>ballivis,</strong></span> <span class='ocrx_word' id='word_1_64' title='bbox 987 1776 1205 1864; x_wconf 81' lang='lat' dir='ltr'><strong>burgensibus</strong></span> <span class='ocrx_word' id='word_1_65' title='bbox 1229 1784 1263 1843; x_wconf 91' lang='lat' dir='ltr'><strong>et</strong></span> <span class='ocrx_word' id='word_1_66' title='bbox 1285 1801 1371 1844; x_wconf 91' lang='lat' dir='ltr'><strong>com·</strong></span> 
     </span>
     <span class='ocr_line' id='line_1_10' title="bbox 326 1879 1370 1964; baseline -0.001 -18"><span class='ocrx_word' id='word_1_67' title='bbox 326 1887 344 1916; x_wconf 90' lang='lat'><strong>“</strong></span> <span class='ocrx_word' id='word_1_68' title='bbox 366 1881 531 1959; x_wconf 84' lang='lat' dir='ltr'><strong>munitati,</strong></span> <span class='ocrx_word' id='word_1_69' title='bbox 546 1886 581 1945; x_wconf 90' lang='lat' dir='ltr'><strong>et</strong></span> <span class='ocrx_word' id='word_1_70' title='bbox 600 1880 835 1945; x_wconf 87' lang='lat' dir='ltr'><strong>successoribus</strong></span> <span class='ocrx_word' id='word_1_71' title='bbox 857 1879 933 1958; x_wconf 90' lang='lat' dir='ltr'><strong>suis,</strong></span> <span class='ocrx_word' id='word_1_72' title='bbox 953 1879 1070 1964; x_wconf 89' lang='lat' dir='ltr'><strong>Majori</strong></span> <span class='ocrx_word' id='word_1_73' title='bbox 1093 1884 1127 1946; x_wconf 91' lang='lat' dir='ltr'><strong>et</strong></span> <span class='ocrx_word' id='word_1_74' title='bbox 1141 1880 1370 1961; x_wconf 87' lang='lat' dir='ltr'><strong>aldermannis,</strong></span> 
     </span>
     <span class='ocr_line' id='line_1_11' title="bbox 324 1980 1373 2066; baseline 0.001 -21"><span class='ocrx_word' id='word_1_75' title='bbox 324 1988 344 2018; x_wconf 88' lang='lat'><strong>“</strong></span> <span class='ocrx_word' id='word_1_76' title='bbox 367 1981 493 2066; x_wconf 80' lang='lat' dir='ltr'><strong>Majosi,</strong></span> <span class='ocrx_word' id='word_1_77' title='bbox 524 1981 663 2060; x_wconf 87' lang='lat' dir='ltr'><strong>ballivis,</strong></span> <span class='ocrx_word' id='word_1_78' title='bbox 689 1989 723 2047; x_wconf 91' lang='lat' dir='ltr'><strong>et</strong></span> <span class='ocrx_word' id='word_1_79' title='bbox 750 1981 885 2058; x_wconf 88' lang='lat' dir='ltr'><strong>civibus,</strong></span> <span class='ocrx_word' id='word_1_80' title='bbox 910 1981 1046 2058; x_wconf 89' lang='lat' dir='ltr'><strong>civibus,</strong></span> <span class='ocrx_word' id='word_1_81' title='bbox 1069 1980 1210 2060; x_wconf 84' lang='lat' dir='ltr'><strong>ballivis,</strong></span> <span class='ocrx_word' id='word_1_82' title='bbox 1239 1987 1272 2048; x_wconf 86' lang='lat' dir='ltr'><strong>ct</strong></span> <span class='ocrx_word' id='word_1_83' title='bbox 1296 1982 1373 2048; x_wconf 89' lang='lat' dir='ltr'><strong>bur-</strong></span> 
     </span>
     <span class='ocr_line' id='line_1_12' title="bbox 327 2082 1373 2171; baseline 0 -22"><span class='ocrx_word' id='word_1_84' title='bbox 327 2091 345 2116; x_wconf 91' lang='lat'><em>“</em></span> <span class='ocrx_word' id='word_1_85' title='bbox 366 2084 530 2169; x_wconf 86' lang='lat' dir='ltr'><strong>gensibus,</strong></span> <span class='ocrx_word' id='word_1_86' title='bbox 561 2083 688 2170; x_wconf 88' lang='lat' dir='ltr'><strong>Majori,</strong></span> <span class='ocrx_word' id='word_1_87' title='bbox 713 2083 854 2164; x_wconf 84' lang='lat' dir='ltr'><strong>ballivis,</strong></span> <span class='ocrx_word' id='word_1_88' title='bbox 886 2089 921 2149; x_wconf 91' lang='lat' dir='ltr'><strong>et</strong></span> <span class='ocrx_word' id='word_1_89' title='bbox 946 2082 1171 2171; x_wconf 86' lang='lat' dir='ltr'><strong>burgensibus,</strong></span> <span class='ocrx_word' id='word_1_90' title='bbox 1197 2084 1316 2170; x_wconf 86' lang='lat' dir='ltr'><strong>Majori</strong></span> <span class='ocrx_word' id='word_1_91' title='bbox 1339 2090 1373 2149; x_wconf 92' lang='lat' dir='ltr'><strong>et</strong></span> 
     </span>
     <span class='ocr_line' id='line_1_13' title="bbox 326 2185 1374 2272; baseline 0 -22"><span class='ocrx_word' id='word_1_92' title='bbox 326 2192 343 2218; x_wconf 91' lang='lat'><strong>“</strong></span> <span class='ocrx_word' id='word_1_93' title='bbox 365 2185 590 2272; x_wconf 88' lang='lat' dir='ltr'><strong>burgensibus,</strong></span> <span class='ocrx_word' id='word_1_94' title='bbox 620 2185 836 2272; x_wconf 89' lang='lat' dir='ltr'><strong>burgensibus</strong></span> <span class='ocrx_word' id='word_1_95' title='bbox 874 2186 928 2250; x_wconf 89' lang='lat' dir='ltr'><strong>vel</strong></span> <span class='ocrx_word' id='word_1_96' title='bbox 964 2185 1154 2252; x_wconf 89' lang='lat' dir='ltr'><strong>hominibus</strong></span> <span class='ocrx_word' id='word_1_97' title='bbox 1191 2185 1290 2264; x_wconf 85' lang='lat' dir='ltr'><strong>villae,</strong></span> <span class='ocrx_word' id='word_1_98' title='bbox 1320 2187 1374 2253; x_wconf 87' lang='lat' dir='ltr'><strong>vol</strong></span> 
     </span>
     <span class='ocr_line' id='line_1_14' title="bbox 325 2287 1374 2374; baseline 0.003 -23"><span class='ocrx_word' id='word_1_99' title='bbox 325 2295 344 2322; x_wconf 88' lang='lat'>“</span> <span class='ocrx_word' id='word_1_100' title='bbox 366 2287 554 2352; x_wconf 92' lang='lat' dir='ltr'><strong>hominibus</strong></span> <span class='ocrx_word' id='word_1_101' title='bbox 576 2292 611 2353; x_wconf 91' lang='lat' dir='ltr'><strong>et</strong></span> <span class='ocrx_word' id='word_1_102' title='bbox 636 2288 873 2354; x_wconf 86' lang='lat' dir='ltr'><strong>successoribus</strong></span> <span class='ocrx_word' id='word_1_103' title='bbox 899 2287 974 2367; x_wconf 89' lang='lat' dir='ltr'><strong>suis,</strong></span> <span class='ocrx_word' id='word_1_104' title='bbox 1005 2292 1067 2353; x_wconf 88' lang='lat' dir='ltr'><strong>aut</strong></span> <span class='ocrx_word' id='word_1_105' title='bbox 1092 2289 1181 2374; x_wconf 90' lang='lat' dir='ltr'><strong>ipsis,</strong></span> <span class='ocrx_word' id='word_1_106' title='bbox 1211 2290 1266 2354; x_wconf 87' lang='lat' dir='ltr'><strong>vel</strong></span> <span class='ocrx_word' id='word_1_107' title='bbox 1296 2289 1374 2374; x_wconf 88' lang='lat' dir='ltr'><strong>ejus,</strong></span> 
     </span>
     <span class='ocr_line' id='line_1_15' title="bbox 327 2389 1374 2476; baseline 0.002 -22"><span class='ocrx_word' id='word_1_108' title='bbox 327 2397 345 2423; x_wconf 92' lang='lat'>“</span> <span class='ocrx_word' id='word_1_109' title='bbox 366 2389 420 2455; x_wconf 88' lang='lat' dir='ltr'><strong>vel</strong></span> <span class='ocrx_word' id='word_1_110' title='bbox 449 2389 547 2456; x_wconf 87' lang='lat' dir='ltr'><strong>alicui</strong></span> <span class='ocrx_word' id='word_1_111' title='bbox 584 2411 803 2455; x_wconf 86' lang='lat' dir='ltr'><strong>suceessorum</strong></span> <span class='ocrx_word' id='word_1_112' title='bbox 840 2411 981 2468; x_wconf 87' lang='lat' dir='ltr'><strong>suorum,</strong></span> <span class='ocrx_word' id='word_1_113' title='bbox 1013 2389 1053 2455; x_wconf 89' lang='lat' dir='ltr'><strong>de</strong></span> <span class='ocrx_word' id='word_1_114' title='bbox 1083 2390 1195 2476; x_wconf 87' lang='lat' dir='ltr'><strong>aliqua</strong></span> <span class='ocrx_word' id='word_1_115' title='bbox 1229 2391 1374 2470; x_wconf 89' lang='lat' dir='ltr'><strong>civitate,</strong></span> 
     </span>
     <span class='ocr_line' id='line_1_16' title="bbox 329 2491 1375 2579; baseline 0.002 -23"><span class='ocrx_word' id='word_1_116' title='bbox 329 2499 346 2524; x_wconf 91' lang='lat'><strong>“</strong></span> <span class='ocrx_word' id='word_1_117' title='bbox 367 2491 481 2578; x_wconf 88' lang='lat' dir='ltr'><strong>burgo,</strong></span> <span class='ocrx_word' id='word_1_118' title='bbox 508 2497 567 2556; x_wconf 91' lang='lat' dir='ltr'><strong>aut</strong></span> <span class='ocrx_word' id='word_1_119' title='bbox 596 2492 685 2567; x_wconf 88' lang='lat' dir='ltr'><strong>villa,</strong></span> <span class='ocrx_word' id='word_1_120' title='bbox 700 2491 798 2577; x_wconf 88' lang='lat' dir='ltr'><strong>hujus</strong></span> <span class='ocrx_word' id='word_1_121' title='bbox 824 2493 927 2579; x_wconf 89' lang='lat' dir='ltr'><strong>regni,</strong></span> <span class='ocrx_word' id='word_1_122' title='bbox 942 2513 1135 2578; x_wconf 91' lang='lat' dir='ltr'><strong>quocunque</strong></span> <span class='ocrx_word' id='word_1_123' title='bbox 1161 2495 1293 2559; x_wconf 88' lang='lat' dir='ltr'><strong>nomine</strong></span> <span class='ocrx_word' id='word_1_124' title='bbox 1315 2495 1375 2573; x_wconf 89' lang='lat' dir='ltr'><strong>illi,</strong></span> 
     </span>
     <span class='ocr_line' id='line_1_17' title="bbox 330 2593 1375 2680; baseline 0.002 -22"><span class='ocrx_word' id='word_1_125' title='bbox 330 2601 346 2627; x_wconf 89' lang='lat'><strong>“</strong></span> <span class='ocrx_word' id='word_1_126' title='bbox 369 2594 423 2660; x_wconf 92' lang='lat' dir='ltr'><strong>vel</strong></span> <span class='ocrx_word' id='word_1_127' title='bbox 448 2594 567 2680; x_wconf 83' lang='lat' dir='ltr'><strong>aliquis</strong></span> <span class='ocrx_word' id='word_1_128' title='bbox 592 2616 716 2674; x_wconf 89' lang='lat' dir='ltr'><strong>eorum,</strong></span> <span class='ocrx_word' id='word_1_129' title='bbox 732 2600 936 2674; x_wconf 88' lang='lat' dir='ltr'><strong>censeantur,</strong></span> <span class='ocrx_word' id='word_1_130' title='bbox 952 2593 1006 2660; x_wconf 88' lang='lat' dir='ltr'><strong>vel</strong></span> <span class='ocrx_word' id='word_1_131' title='bbox 1021 2601 1210 2675; x_wconf 86' lang='lat' dir='ltr'><strong>censeatur;</strong></span> <span class='ocrx_word' id='word_1_132' title='bbox 1238 2596 1292 2660; x_wconf 91' lang='lat' dir='ltr'><strong>vel</strong></span> <span class='ocrx_word' id='word_1_133' title='bbox 1315 2596 1375 2660; x_wconf 93' lang='lat' dir='ltr'><strong>ali-</strong></span> 
     </span>
     <span class='ocr_line' id='line_1_18' title="bbox 329 2695 1375 2784; baseline 0.002 -23"><span class='ocrx_word' id='word_1_134' title='bbox 329 2704 346 2730; x_wconf 90' lang='lat'><strong>“</strong></span> <span class='ocrx_word' id='word_1_135' title='bbox 369 2696 488 2781; x_wconf 90' lang='lat' dir='ltr'><strong>quibus</strong></span> <span class='ocrx_word' id='word_1_136' title='bbox 511 2695 704 2774; x_wconf 77' lang='lat' dir='ltr'><strong>Batonibus,</strong></span> <span class='ocrx_word' id='word_1_137' title='bbox 727 2717 785 2761; x_wconf 91' lang='lat' dir='ltr'><strong>seu</strong></span> <span class='ocrx_word' id='word_1_138' title='bbox 806 2696 936 2782; x_wconf 83' lang='lat' dir='ltr'><strong>juratis,</strong></span> <span class='ocrx_word' id='word_1_139' title='bbox 959 2696 1097 2781; x_wconf 87' lang='lat' dir='ltr'><strong>alicujus</strong></span> <span class='ocrx_word' id='word_1_140' title='bbox 1121 2695 1274 2784; x_wconf 78' lang='lat' dir='ltr'><strong>Quinque</strong></span> <span class='ocrx_word' id='word_1_141' title='bbox 1296 2697 1375 2763; x_wconf 87' lang='lat' dir='ltr'><strong>Por·</strong></span> 
     </span>
     <span class='ocr_line' id='line_1_19' title="bbox 330 2798 1374 2883; baseline 0.001 -20"><span class='ocrx_word' id='word_1_142' title='bbox 330 2805 348 2832; x_wconf 91' lang='lat'><strong>“</strong></span> <span class='ocrx_word' id='word_1_143' title='bbox 370 2805 474 2877; x_wconf 91' lang='lat' dir='ltr'><strong>tuum,</strong></span> <span class='ocrx_word' id='word_1_144' title='bbox 499 2799 569 2864; x_wconf 86' lang='lat' dir='ltr'><strong>sive</strong></span> <span class='ocrx_word' id='word_1_145' title='bbox 603 2799 787 2864; x_wconf 77' lang='lat' dir='ltr'><strong>Beronibus</strong></span> <span class='ocrx_word' id='word_1_146' title='bbox 814 2798 966 2883; x_wconf 80' lang='lat' dir='ltr'><strong>Quinque</strong></span> <span class='ocrx_word' id='word_1_147' title='bbox 989 2798 1151 2864; x_wconf 85' lang='lat' dir='ltr'><strong>Portuum</strong></span> <span class='ocrx_word' id='word_1_148' title='bbox 1181 2804 1374 2878; x_wconf 88' lang='lat' dir='ltr'><strong>vestrorum,</strong></span> 
     </span>
     <span class='ocr_line' id='line_1_20' title="bbox 329 2899 1375 2987; baseline 0.002 -22"><span class='ocrx_word' id='word_1_149' title='bbox 329 2909 346 2936; x_wconf 88' lang='lat'>“</span> <span class='ocrx_word' id='word_1_150' title='bbox 368 2907 428 2966; x_wconf 87' lang='lat' dir='ltr'><strong>aut</strong></span> <span class='ocrx_word' id='word_1_151' title='bbox 456 2900 620 2987; x_wconf 80' lang='lat' dir='ltr'><strong>aliquibus</strong></span> <span class='ocrx_word' id='word_1_152' title='bbox 651 2901 770 2986; x_wconf 87' lang='lat' dir='ltr'><strong>Majori</strong></span> <span class='ocrx_word' id='word_1_153' title='bbox 801 2905 835 2965; x_wconf 88' lang='lat' dir='ltr'><strong>et</strong></span> <span class='ocrx_word' id='word_1_154' title='bbox 872 2899 1064 2982; x_wconf 82' lang='lat' dir='ltr'><strong>Beronibus,</strong></span> <span class='ocrx_word' id='word_1_155' title='bbox 1095 2899 1150 2966; x_wconf 86' lang='lat' dir='ltr'><strong>vel</strong></span> <span class='ocrx_word' id='word_1_156' title='bbox 1179 2900 1312 2966; x_wconf 87' lang='lat' dir='ltr'><strong>ballivis</strong></span> <span class='ocrx_word' id='word_1_157' title='bbox 1342 2907 1375 2967; x_wconf 90' lang='lat' dir='ltr'><strong>et</strong></span> 
     </span>
    </p>

    <p class='ocr_par' dir='ltr' id='par_1_3' title="bbox 271 2991 1480 4724">
     <span class='ocr_line' id='line_1_21' title="bbox 271 2991 1376 3088; baseline -0.001 -20"><span class='ocrx_word' id='word_1_158' title='bbox 271 2991 275 2997; x_wconf 38' lang='lat'>¹</span> <span class='ocrx_word' id='word_1_159' title='bbox 330 3011 347 3038; x_wconf 78' lang='lat'><strong>‘¹</strong></span> <span class='ocrx_word' id='word_1_160' title='bbox 370 3003 562 3080; x_wconf 79' lang='lat' dir='ltr'><strong>Beronibus,</strong></span> <span class='ocrx_word' id='word_1_161' title='bbox 587 3002 657 3069; x_wconf 85' lang='lat' dir='ltr'><strong>sive</strong></span> <span class='ocrx_word' id='word_1_162' title='bbox 689 3003 807 3088; x_wconf 84' lang='lat' dir='ltr'><strong>Majori</strong></span> <span class='ocrx_word' id='word_1_163' title='bbox 835 3008 869 3068; x_wconf 88' lang='lat' dir='ltr'><strong>et</strong></span> <span class='ocrx_word' id='word_1_164' title='bbox 898 3001 1137 3080; x_wconf 84' lang='lat' dir='ltr'><strong>communitati,</strong></span> <span class='ocrx_word' id='word_1_165' title='bbox 1161 3003 1216 3068; x_wconf 85' lang='lat' dir='ltr'><strong>vel</strong></span> <span class='ocrx_word' id='word_1_166' title='bbox 1244 3002 1376 3068; x_wconf 89' lang='lat' dir='ltr'><strong>ballivis</strong></span> 
     </span>
     <span class='ocr_line' id='line_1_22' title="bbox 330 3104 1377 3185; baseline 0 -15"><span class='ocrx_word' id='word_1_167' title='bbox 330 3115 347 3139; x_wconf 91' lang='lat'><em>“</em></span> <span class='ocrx_word' id='word_1_168' title='bbox 370 3112 404 3172; x_wconf 89' lang='lat' dir='ltr'><strong>et</strong></span> <span class='ocrx_word' id='word_1_169' title='bbox 441 3105 680 3185; x_wconf 88' lang='lat' dir='ltr'><strong>communitati,</strong></span> <span class='ocrx_word' id='word_1_170' title='bbox 718 3111 777 3171; x_wconf 87' lang='lat' dir='ltr'><strong>aut</strong></span> <span class='ocrx_word' id='word_1_171' title='bbox 813 3104 1078 3170; x_wconf 88' lang='lat' dir='ltr'><strong>inhabitantibus</strong></span> <span class='ocrx_word' id='word_1_172' title='bbox 1118 3108 1152 3170; x_wconf 89' lang='lat' dir='ltr'><strong>et</strong></span> <span class='ocrx_word' id='word_1_173' title='bbox 1185 3105 1377 3170; x_wconf 89' lang='lat' dir='ltr'><strong>tenentibus</strong></span> 
     </span>
     <span class='ocr_line' id='line_1_23' title="bbox 330 3206 1376 3294; baseline 0.001 -22"><span class='ocrx_word' id='word_1_174' title='bbox 330 3213 347 3242; x_wconf 77' lang='lat'><strong>‘¹</strong></span> <span class='ocrx_word' id='word_1_175' title='bbox 369 3206 597 3285; x_wconf 83' lang='lat' dir='ltr'><strong>residentibus,</strong></span> <span class='ocrx_word' id='word_1_176' title='bbox 627 3207 681 3273; x_wconf 87' lang='lat' dir='ltr'><strong>val</strong></span> <span class='ocrx_word' id='word_1_177' title='bbox 709 3207 907 3288; x_wconf 88' lang='lat' dir='ltr'><strong>hominibus,</strong></span> <span class='ocrx_word' id='word_1_178' title='bbox 941 3207 1078 3292; x_wconf 88' lang='lat' dir='ltr'><strong>alicujus</strong></span> <span class='ocrx_word' id='word_1_179' title='bbox 1102 3206 1191 3272; x_wconf 84' lang='lat' dir='ltr'><strong>villae</strong></span> <span class='ocrx_word' id='word_1_180' title='bbox 1222 3207 1376 3294; x_wconf 82' lang='lat' dir='ltr'><strong>Quinque</strong></span> 
     </span>
     <span class='ocr_line' id='line_1_24' title="bbox 331 3308 1377 3396; baseline -0.001 -21"><span class='ocrx_word' id='word_1_181' title='bbox 331 3317 347 3345; x_wconf 91' lang='lat'>“</span> <span class='ocrx_word' id='word_1_182' title='bbox 371 3310 541 3386; x_wconf 88' lang='lat' dir='ltr'><strong>Portuum,</strong></span> <span class='ocrx_word' id='word_1_183' title='bbox 556 3309 610 3375; x_wconf 89' lang='lat' dir='ltr'><strong>vel</strong></span> <span class='ocrx_word' id='word_1_184' title='bbox 630 3309 767 3396; x_wconf 87' lang='lat' dir='ltr'><strong>alicujus</strong></span> <span class='ocrx_word' id='word_1_185' title='bbox 791 3331 879 3374; x_wconf 87' lang='lat' dir='ltr'><strong>nunc</strong></span> <span class='ocrx_word' id='word_1_186' title='bbox 899 3308 1119 3376; x_wconf 88' lang='lat' dir='ltr'><strong>membrorum</strong></span> <span class='ocrx_word' id='word_1_187' title='bbox 1140 3331 1282 3392; x_wconf 86' lang='lat' dir='ltr'><strong>suorum,</strong></span> <span class='ocrx_word' id='word_1_188' title='bbox 1298 3331 1377 3396; x_wconf 91' lang='lat' dir='ltr'><strong>quo-</strong></span> 
     </span>
     <span class='ocr_line' id='line_1_25' title="bbox 331 3410 1376 3500; baseline 0.002 -24"><span class='ocrx_word' id='word_1_189' title='bbox 331 3421 498 3498; x_wconf 89' lang='lat' dir='ltr'><strong>“cunque</strong></span> <span class='ocrx_word' id='word_1_190' title='bbox 527 3413 659 3477; x_wconf 89' lang='lat' dir='ltr'><strong>nomine</strong></span> <span class='ocrx_word' id='word_1_191' title='bbox 689 3416 891 3478; x_wconf 87' lang='lat' dir='ltr'><strong>censeantur.</strong></span> <span class='ocrx_word' id='word_1_192' title='bbox 936 3410 991 3476; x_wconf 88' lang='lat' dir='ltr'><strong>Ita</strong></span> <span class='ocrx_word' id='word_1_193' title='bbox 1015 3410 1104 3497; x_wconf 89' lang='lat' dir='ltr'><strong>quod</strong></span> <span class='ocrx_word' id='word_1_194' title='bbox 1128 3432 1239 3476; x_wconf 91' lang='lat' dir='ltr'><strong>omnes</strong></span> <span class='ocrx_word' id='word_1_195' title='bbox 1265 3412 1376 3500; x_wconf 90' lang='lat' dir='ltr'><strong>hujus-</strong></span> 
     </span>
     <span class='ocr_line' id='line_1_26' title="bbox 331 3512 1377 3600; baseline 0.002 -22"><span class='ocrx_word' id='word_1_196' title='bbox 331 3514 459 3579; x_wconf 88' lang='lat' dir='ltr'><strong>“modi</strong></span> <span class='ocrx_word' id='word_1_197' title='bbox 488 3515 709 3579; x_wconf 89' lang='lat' dir='ltr'><strong>concessiones</strong></span> <span class='ocrx_word' id='word_1_198' title='bbox 738 3515 821 3579; x_wconf 87' lang='lat' dir='ltr'><strong>fiant</strong></span> <span class='ocrx_word' id='word_1_199' title='bbox 850 3513 926 3592; x_wconf 88' lang='lat' dir='ltr'><strong>illis,</strong></span> <span class='ocrx_word' id='word_1_200' title='bbox 952 3527 1012 3578; x_wconf 87' lang='lat' dir='ltr'><strong>aut</strong></span> <span class='ocrx_word' id='word_1_201' title='bbox 1037 3512 1137 3578; x_wconf 85' lang='lat' dir='ltr'><strong>alicui</strong></span> <span class='ocrx_word' id='word_1_202' title='bbox 1163 3515 1316 3600; x_wconf 89' lang='lat' dir='ltr'><strong>ipsorum,</strong></span> <span class='ocrx_word' id='word_1_203' title='bbox 1343 3521 1377 3580; x_wconf 89' lang='lat' dir='ltr'><strong>et</strong></span> 
     </span>
     <span class='ocr_line' id='line_1_27' title="bbox 329 3614 1378 3702; baseline 0.001 -21"><span class='ocrx_word' id='word_1_204' title='bbox 329 3623 346 3650; x_wconf 89' lang='lat'><strong><em>“</em></strong></span> <span class='ocrx_word' id='word_1_205' title='bbox 368 3616 602 3682; x_wconf 77' lang='lat' dir='ltr'><strong>suoeessoribus</strong></span> <span class='ocrx_word' id='word_1_206' title='bbox 632 3615 707 3682; x_wconf 88' lang='lat' dir='ltr'><strong>suis.</strong></span> <span class='ocrx_word' id='word_1_207' title='bbox 753 3615 909 3702; x_wconf 85' lang='lat' dir='ltr'><strong>Exceptis</strong></span> <span class='ocrx_word' id='word_1_208' title='bbox 935 3615 1037 3680; x_wconf 88' lang='lat' dir='ltr'><strong>etiam</strong></span> <span class='ocrx_word' id='word_1_209' title='bbox 1067 3614 1220 3681; x_wconf 89' lang='lat' dir='ltr'><strong>omnibus</strong></span> <span class='ocrx_word' id='word_1_210' title='bbox 1251 3638 1378 3682; x_wconf 86' lang='lat' dir='ltr'><strong>conces·</strong></span> 
     </span>
     <span class='ocr_line' id='line_1_28' title="bbox 331 3716 1377 3805; baseline 0 -21"><span class='ocrx_word' id='word_1_211' title='bbox 331 3727 348 3754; x_wconf 89' lang='lat'><strong>“</strong></span> <span class='ocrx_word' id='word_1_212' title='bbox 371 3719 526 3797; x_wconf 89' lang='lat' dir='ltr'><strong>sionibus,</strong></span> <span class='ocrx_word' id='word_1_213' title='bbox 549 3719 646 3784; x_wconf 86' lang='lat' dir='ltr'><strong>factis</strong></span> <span class='ocrx_word' id='word_1_214' title='bbox 668 3717 768 3783; x_wconf 86' lang='lat' dir='ltr'><strong>alicui</strong></span> <span class='ocrx_word' id='word_1_215' title='bbox 797 3716 958 3804; x_wconf 88' lang='lat' dir='ltr'><strong>ligeorum</strong></span> <span class='ocrx_word' id='word_1_216' title='bbox 980 3722 1174 3796; x_wconf 88' lang='lat' dir='ltr'><strong>vestrorum,</strong></span> <span class='ocrx_word' id='word_1_217' title='bbox 1198 3719 1238 3784; x_wconf 88' lang='lat' dir='ltr'><strong>de</strong></span> <span class='ocrx_word' id='word_1_218' title='bbox 1260 3719 1377 3805; x_wconf 83' lang='lat' dir='ltr'><strong>eliqui-</strong></span> 
     </span>
     <span class='ocr_line' id='line_1_29' title="bbox 331 3819 1377 3906; baseline 0.001 -21"><span class='ocrx_word' id='word_1_219' title='bbox 331 3820 433 3886; x_wconf 90' lang='lat' dir='ltr'><strong>“bus</strong></span> <span class='ocrx_word' id='word_1_220' title='bbox 463 3821 560 3887; x_wconf 90' lang='lat' dir='ltr'><strong>terris</strong></span> <span class='ocrx_word' id='word_1_221' title='bbox 585 3825 619 3886; x_wconf 90' lang='lat' dir='ltr'><strong>et</strong></span> <span class='ocrx_word' id='word_1_222' title='bbox 645 3821 845 3886; x_wconf 90' lang='lat' dir='ltr'><strong>tenementis</strong></span> <span class='ocrx_word' id='word_1_223' title='bbox 866 3819 906 3884; x_wconf 87' lang='lat' dir='ltr'><strong>de</strong></span> <span class='ocrx_word' id='word_1_224' title='bbox 929 3827 1049 3885; x_wconf 87' lang='lat' dir='ltr'><strong>tenura</strong></span> <span class='ocrx_word' id='word_1_225' title='bbox 1074 3840 1132 3906; x_wconf 90' lang='lat' dir='ltr'><strong>per</strong></span> <span class='ocrx_word' id='word_1_226' title='bbox 1158 3820 1294 3906; x_wconf 90' lang='lat' dir='ltr'><strong>copiam,</strong></span> <span class='ocrx_word' id='word_1_227' title='bbox 1317 3829 1377 3886; x_wconf 89' lang='lat' dir='ltr'><strong>aut</strong></span> 
     </span>
     <span class='ocr_line' id='line_1_30' title="bbox 331 3921 1377 4009; baseline -0.002 -21"><span class='ocrx_word' id='word_1_228' title='bbox 331 3931 347 3958; x_wconf 89' lang='lat'><strong>“</strong></span> <span class='ocrx_word' id='word_1_229' title='bbox 370 3923 411 3988; x_wconf 91' lang='lat' dir='ltr'><strong>de</strong></span> <span class='ocrx_word' id='word_1_230' title='bbox 448 3924 587 4009; x_wconf 87' lang='lat' dir='ltr'><strong>antiquo</strong></span> <span class='ocrx_word' id='word_1_231' title='bbox 617 3922 789 3989; x_wconf 87' lang='lat' dir='ltr'><strong>dominico.</strong></span> <span class='ocrx_word' id='word_1_232' title='bbox 834 3923 883 3988; x_wconf 90' lang='lat' dir='ltr'><strong>Ac</strong></span> <span class='ocrx_word' id='word_1_233' title='bbox 913 3923 1023 3999; x_wconf 84' lang='lat' dir='ltr'><strong>etiam,</strong></span> <span class='ocrx_word' id='word_1_234' title='bbox 1047 3921 1193 4009; x_wconf 83' lang='lat' dir='ltr'><strong>exceptis</strong></span> <span class='ocrx_word' id='word_1_235' title='bbox 1227 3921 1377 3986; x_wconf 88' lang='lat' dir='ltr'><strong>omnibus</strong></span> 
     </span>
     <span class='ocr_line' id='line_1_31' title="bbox 331 4022 1480 4111; baseline -0.003 -20"><span class='ocrx_word' id='word_1_236' title='bbox 331 4031 350 4061; x_wconf 90' lang='lat'><strong>“</strong></span> <span class='ocrx_word' id='word_1_237' title='bbox 373 4025 494 4104; x_wconf 87' lang='lat' dir='ltr'><strong>officiis,</strong></span> <span class='ocrx_word' id='word_1_238' title='bbox 522 4025 603 4092; x_wconf 88' lang='lat' dir='ltr'><strong>talia</strong></span> <span class='ocrx_word' id='word_1_239' title='bbox 633 4025 743 4111; x_wconf 88' lang='lat' dir='ltr'><strong>qualia</strong></span> <span class='ocrx_word' id='word_1_240' title='bbox 772 4025 861 4090; x_wconf 91' lang='lat' dir='ltr'><strong>dicto</strong></span> <span class='ocrx_word' id='word_1_241' title='bbox 883 4025 988 4111; x_wconf 88' lang='lat' dir='ltr'><strong>primo</strong></span> <span class='ocrx_word' id='word_1_242' title='bbox 1018 4025 1072 4090; x_wconf 90' lang='lat' dir='ltr'><strong>die</strong></span> <span class='ocrx_word' id='word_1_243' title='bbox 1102 4024 1238 4089; x_wconf 85' lang='lat' dir='ltr'><strong>fuerunt</strong></span> <span class='ocrx_word' id='word_1_244' title='bbox 1265 4022 1378 4100; x_wconf 89' lang='lat' dir='ltr'><strong>officia,</strong></span> <span class='ocrx_word' id='word_1_245' title='bbox 1478 4067 1480 4072; x_wconf 91' lang='lat'>-</span> 
     </span>
     <span class='ocr_line' id='line_1_32' title="bbox 331 4125 1378 4214; baseline -0.005 -19"><span class='ocrx_word' id='word_1_246' title='bbox 331 4135 349 4163; x_wconf 91' lang='lat'><strong>“</strong></span> <span class='ocrx_word' id='word_1_247' title='bbox 372 4151 410 4195; x_wconf 85' lang='lat' dir='ltr'><strong>ac</strong></span> <span class='ocrx_word' id='word_1_248' title='bbox 435 4127 538 4194; x_wconf 84' lang='lat' dir='ltr'><strong>feodis</strong></span> <span class='ocrx_word' id='word_1_249' title='bbox 569 4133 604 4193; x_wconf 92' lang='lat' dir='ltr'><strong>et</strong></span> <span class='ocrx_word' id='word_1_250' title='bbox 630 4127 775 4214; x_wconf 88' lang='lat' dir='ltr'><strong>regardis</strong></span> <span class='ocrx_word' id='word_1_251' title='bbox 798 4127 841 4191; x_wconf 89' lang='lat' dir='ltr'><strong>ad</strong></span> <span class='ocrx_word' id='word_1_252' title='bbox 870 4130 951 4192; x_wconf 91' lang='lat' dir='ltr'><strong>tunc</strong></span> <span class='ocrx_word' id='word_1_253' title='bbox 980 4127 1026 4192; x_wconf 86' lang='lat' dir='ltr'><strong>eis</strong></span> <span class='ocrx_word' id='word_1_254' title='bbox 1055 4125 1186 4204; x_wconf 86' lang='lat' dir='ltr'><strong>habitis,</strong></span> <span class='ocrx_word' id='word_1_255' title='bbox 1216 4125 1378 4192; x_wconf 90' lang='lat' dir='ltr'><strong>consuetis</strong></span> 
     </span>
     <span class='ocr_line' id='line_1_33' title="bbox 331 4225 1379 4317; baseline -0.004 -21"><span class='ocrx_word' id='word_1_256' title='bbox 331 4237 349 4266; x_wconf 85' lang='lat'>“</span> <span class='ocrx_word' id='word_1_257' title='bbox 371 4237 405 4296; x_wconf 87' lang='lat' dir='ltr'><strong>st</strong></span> <span class='ocrx_word' id='word_1_258' title='bbox 419 4228 681 4317; x_wconf 84' lang='lat' dir='ltr'><strong>pcrtinentibus3</strong></span> <span class='ocrx_word' id='word_1_259' title='bbox 704 4229 758 4295; x_wconf 89' lang='lat' dir='ltr'><strong>cui</strong></span> <span class='ocrx_word' id='word_1_260' title='bbox 774 4229 906 4314; x_wconf 86' lang='lat' dir='ltr'><strong>quidem</strong></span> <span class='ocrx_word' id='word_1_261' title='bbox 927 4227 1031 4294; x_wconf 88' lang='lat' dir='ltr'><strong>officio</strong></span> <span class='ocrx_word' id='word_1_262' title='bbox 1045 4226 1100 4293; x_wconf 87' lang='lat' dir='ltr'><strong>vel</strong></span> <span class='ocrx_word' id='word_1_263' title='bbox 1114 4225 1227 4292; x_wconf 90' lang='lat' dir='ltr'><strong>officiis</strong></span> <span class='ocrx_word' id='word_1_264' title='bbox 1244 4233 1379 4313; x_wconf 85' lang='lat' dir='ltr'><strong>spectat,</strong></span> 
     </span>
     <span class='ocr_line' id='line_1_34' title="bbox 332 4328 1380 4420; baseline -0.004 -21"><span class='ocrx_word' id='word_1_265' title='bbox 332 4338 351 4369; x_wconf 91' lang='lat'><strong><em>“</em></strong></span> <span class='ocrx_word' id='word_1_266' title='bbox 373 4333 526 4420; x_wconf 88' lang='lat' dir='ltr'><strong>pertinet,</strong></span> <span class='ocrx_word' id='word_1_267' title='bbox 543 4337 577 4398; x_wconf 91' lang='lat' dir='ltr'><strong>et</strong></span> <span class='ocrx_word' id='word_1_268' title='bbox 592 4332 730 4419; x_wconf 86' lang='lat' dir='ltr'><strong>indiget,</strong></span> <span class='ocrx_word' id='word_1_269' title='bbox 743 4330 871 4397; x_wconf 87' lang='lat' dir='ltr'><strong>actuale</strong></span> <span class='ocrx_word' id='word_1_270' title='bbox 890 4329 1092 4406; x_wconf 83' lang='lat' dir='ltr'><strong>exercitium,</strong></span> <span class='ocrx_word' id='word_1_271' title='bbox 1107 4334 1141 4396; x_wconf 85' lang='lat' dir='ltr'><strong>et</strong></span> <span class='ocrx_word' id='word_1_272' title='bbox 1165 4349 1231 4394; x_wconf 93' lang='lat' dir='ltr'><strong>non</strong></span> <span class='ocrx_word' id='word_1_273' title='bbox 1245 4328 1380 4395; x_wconf 87' lang='lat' dir='ltr'><strong>fuerunt</strong></span> 
     </span>
     <span class='ocr_line' id='line_1_35' title="bbox 332 4431 1380 4522; baseline -0.003 -21"><span class='ocrx_word' id='word_1_274' title='bbox 332 4442 349 4471; x_wconf 90' lang='lat'>“</span> <span class='ocrx_word' id='word_1_275' title='bbox 371 4457 521 4502; x_wconf 89' lang='lat' dir='ltr'><strong>concessa</strong></span> <span class='ocrx_word' id='word_1_276' title='bbox 541 4456 599 4522; x_wconf 92' lang='lat' dir='ltr'><strong>per</strong></span> <span class='ocrx_word' id='word_1_277' title='bbox 618 4456 678 4500; x_wconf 87' lang='lat' dir='ltr'><strong>vos</strong></span> <span class='ocrx_word' id='word_1_278' title='bbox 698 4433 797 4500; x_wconf 85' lang='lat' dir='ltr'><strong>alicui</strong></span> <span class='ocrx_word' id='word_1_279' title='bbox 817 4455 962 4520; x_wconf 81' lang='lat' dir='ltr'><strong>personae</strong></span> <span class='ocrx_word' id='word_1_280' title='bbox 984 4433 1038 4497; x_wconf 91' lang='lat' dir='ltr'><strong>vel</strong></span> <span class='ocrx_word' id='word_1_281' title='bbox 1064 4431 1209 4518; x_wconf 89' lang='lat' dir='ltr'><strong>personis</strong></span> <span class='ocrx_word' id='word_1_282' title='bbox 1230 4432 1267 4497; x_wconf 92' lang='lat' dir='ltr'><strong>in</strong></span> <span class='ocrx_word' id='word_1_283' title='bbox 1286 4431 1380 4498; x_wconf 89' lang='lat' dir='ltr'><strong>feodo</strong></span> 
     </span>
     <span class='ocr_line' id='line_1_36' title="bbox 332 4533 1380 4623; baseline -0.004 -20"><span class='ocrx_word' id='word_1_284' title='bbox 332 4544 350 4571; x_wconf 92' lang='lat'>“</span> <span class='ocrx_word' id='word_1_285' title='bbox 372 4537 522 4623; x_wconf 88' lang='lat' dir='ltr'><strong>simplici,</strong></span> <span class='ocrx_word' id='word_1_286' title='bbox 561 4540 621 4602; x_wconf 90' lang='lat' dir='ltr'><strong>aut</strong></span> <span class='ocrx_word' id='word_1_287' title='bbox 657 4535 752 4602; x_wconf 88' lang='lat' dir='ltr'><strong>feodo</strong></span> <span class='ocrx_word' id='word_1_288' title='bbox 789 4535 927 4601; x_wconf 84' lang='lat' dir='ltr'><strong>telliato.</strong></span> <span class='ocrx_word' id='word_1_289' title='bbox 972 4534 1018 4599; x_wconf 87' lang='lat' dir='ltr'><strong>Et</strong></span> <span class='ocrx_word' id='word_1_290' title='bbox 1049 4533 1197 4611; x_wconf 88' lang='lat' dir='ltr'><strong>ulterius,</strong></span> <span class='ocrx_word' id='word_1_291' title='bbox 1236 4535 1380 4621; x_wconf 88' lang='lat' dir='ltr'><strong>exceptis</strong></span> 
     </span>
     <span class='ocr_line' id='line_1_37' title="bbox 333 4635 1380 4724; baseline -0.005 -20"><span class='ocrx_word' id='word_1_292' title='bbox 333 4639 524 4706; x_wconf 90' lang='lat' dir='ltr'><strong>“omnibus</strong></span> <span class='ocrx_word' id='word_1_293' title='bbox 555 4638 823 4715; x_wconf 87' lang='lat' dir='ltr'><strong>concessionibus,</strong></span> <span class='ocrx_word' id='word_1_294' title='bbox 846 4659 904 4724; x_wconf 88' lang='lat' dir='ltr'><strong>per</strong></span> <span class='ocrx_word' id='word_1_295' title='bbox 933 4658 991 4701; x_wconf 92' lang='lat' dir='ltr'><strong>vos</strong></span> <span class='ocrx_word' id='word_1_296' title='bbox 1021 4635 1120 4701; x_wconf 85' lang='lat' dir='ltr'><strong>alicui</strong></span> <span class='ocrx_word' id='word_1_297' title='bbox 1149 4657 1297 4723; x_wconf 85' lang='lat' dir='ltr'><strong>personae</strong></span> <span class='ocrx_word' id='word_1_298' title='bbox 1326 4635 1380 4702; x_wconf 89' lang='lat' dir='ltr'><strong>vel</strong></span> 
     </span>
    </p>

    <p class='ocr_par' dir='ltr' id='par_1_4' title="bbox 285 4738 1380 4828">
     <span class='ocr_line' id='line_1_38' title="bbox 285 4738 1380 4828; baseline -0.005 -18"><span class='ocrx_word' id='word_1_299' title='bbox 285 4793 290 4810; x_wconf 82' lang='grc'><em>,</em></span> <span class='ocrx_word' id='word_1_300' title='bbox 333 4745 350 4776; x_wconf 92' lang='lat'><strong>“</strong></span> <span class='ocrx_word' id='word_1_301' title='bbox 374 4742 520 4828; x_wconf 86' lang='lat' dir='ltr'><strong>personis</strong></span> <span class='ocrx_word' id='word_1_302' title='bbox 543 4741 646 4818; x_wconf 82' lang='lat' dir='ltr'><strong>lectis,</strong></span> <span class='ocrx_word' id='word_1_303' title='bbox 671 4740 712 4806; x_wconf 87' lang='lat' dir='ltr'><strong>de</strong></span> <span class='ocrx_word' id='word_1_304' title='bbox 733 4738 884 4809; x_wconf 86' lang='lat' dir='ltr'><strong>custodia</strong></span> <span class='ocrx_word' id='word_1_305' title='bbox 904 4739 1042 4825; x_wconf 87' lang='lat' dir='ltr'><strong>alicujus</strong></span> <span class='ocrx_word' id='word_1_306' title='bbox 1064 4759 1210 4825; x_wconf 85' lang='lat' dir='ltr'><strong>personae</strong></span> <span class='ocrx_word' id='word_1_307' title='bbox 1232 4738 1287 4805; x_wconf 86' lang='lat' dir='ltr'><strong>vel</strong></span> <span class='ocrx_word' id='word_1_308' title='bbox 1307 4759 1380 4825; x_wconf 87' lang='lat' dir='ltr'><strong>per·</strong></span> 
     </span>
    </p>

    <p class='ocr_par' dir='ltr' id='par_1_5' title="bbox 1220 4857 1244 4906">
     <span class='ocr_line' id='line_1_39' title="bbox 1220 4857 1244 4906; baseline 0 0"><span class='ocrx_word' id='word_1_309' title='bbox 1220 4857 1244 4906; x_wconf 80' lang='lat' dir='ltr'>R</span> 
     </span>
    </p>
   </div>
   <div class='ocr_carea' id='block_1_3' title="bbox 0 0 1851 5842">
    <p class='ocr_par' dir='ltr' id='par_1_6' title="bbox 0 0 1851 5842">
     <span class='ocr_line' id='line_1_40' title="bbox 0 0 1851 5842; baseline 0 0"><span class='ocrx_word' id='word_1_310' title='bbox 0 0 1851 5842; x_wconf 95' lang='lat' dir='ltr'><strong> </strong></span> 
     </span>
    </p>
   </div>
  </div>
 </body>
</html>
