<?xml version="1.0" encoding="UTF-8"?>
<!DOCTYPE html PUBLIC "-//W3C//DTD XHTML 1.0 Transitional//EN"
    "http://www.w3.org/TR/xhtml1/DTD/xhtml1-transitional.dtd">
<html xmlns="http://www.w3.org/1999/xhtml" xml:lang="en" lang="en">
 <head>
  <title>
</title>
<meta http-equiv="Content-Type" content="text/html;charset=utf-8" />
  <meta name='ocr-system' content='tesseract 3.04.00' />
  <meta name='ocr-capabilities' content='ocr_page ocr_carea ocr_par ocr_line ocrx_word'/>
</head>
<body>
  <div class='ocr_page' id='page_1' title='image "./registraquorund00wallgoog_0307.png"; bbox 0 0 3668 5842; ppageno 0'>
   <div class='ocr_carea' id='block_1_1' title="bbox 513 845 1380 911">
    <p class='ocr_par' dir='ltr' id='par_1_1' title="bbox 513 845 1380 911">
     <span class='ocr_line' id='line_1_1' title="bbox 513 845 1380 911; baseline 0 -2"><span class='ocrx_word' id='word_1_1' title='bbox 513 859 688 910; x_wconf 79' lang='lat' dir='ltr'>sosaunrs</span> <span class='ocrx_word' id='word_1_2' title='bbox 711 859 993 911; x_wconf 81' lang='lat' dir='ltr'>wnmuausruna</span> <span class='ocrx_word' id='word_1_3' title='bbox 1016 861 1192 911; x_wconf 76' lang='lat' dir='ltr'>saeorum</span> <span class='ocrx_word' id='word_1_4' title='bbox 1316 845 1380 909; x_wconf 73' lang='lat'>249</span> 
     </span>
    </p>
   </div>
   <div class='ocr_carea' id='block_1_2' title="bbox 335 1043 1552 1848">
    <p class='ocr_par' dir='ltr' id='par_1_2' title="bbox 335 1043 1552 1848">
     <span class='ocr_line' id='line_1_2' title="bbox 337 1043 1552 1132; baseline 0.007 -24"><span class='ocrx_word' id='word_1_5' title='bbox 337 1049 354 1076; x_wconf 84' lang='lat'>‘⁴</span> <span class='ocrx_word' id='word_1_6' title='bbox 376 1045 409 1108; x_wconf 85' lang='lat' dir='ltr'>te</span> <span class='ocrx_word' id='word_1_7' title='bbox 430 1049 580 1129; x_wconf 86' lang='lat' dir='ltr'>oporteat</span> <span class='ocrx_word' id='word_1_8' title='bbox 594 1044 747 1132; x_wconf 79' lang='lat' dir='ltr'>aenipere,</span> <span class='ocrx_word' id='word_1_9' title='bbox 763 1043 885 1110; x_wconf 90' lang='lat' dir='ltr'>¹imm0</span> <span class='ocrx_word' id='word_1_10' title='bbox 907 1045 1026 1131; x_wconf 86' lang='lat' dir='ltr'>potius,</span> <span class='ocrx_word' id='word_1_11' title='bbox 1042 1045 1122 1130; x_wconf 94' lang='lat' dir='ltr'>quid</span> <span class='ocrx_word' id='word_1_12' title='bbox 1145 1047 1257 1112; x_wconf 82' lang='lat' dir='ltr'>deceat</span> <span class='ocrx_word' id='word_1_13' title='bbox 1272 1065 1382 1132; x_wconf 85' lang='lat' dir='ltr'>regem</span> <span class='ocrx_word' id='word_1_14' title='bbox 1395 1065 1463 1116; x_wconf 71' lang='lat' dir='ltr'>nl).</span> <span class='ocrx_word' id='word_1_15' title='bbox 1478 1069 1552 1116; x_wconf 76' lang='lat'>1456.</span> 
     </span>
     <span class='ocr_line' id='line_1_3' title="bbox 337 1144 1384 1234; baseline 0.001 -24"><span class='ocrx_word' id='word_1_16' title='bbox 337 1152 355 1179; x_wconf 89' lang='lat'>“</span> <span class='ocrx_word' id='word_1_17' title='bbox 376 1144 479 1210; x_wconf 89' lang='lat' dir='ltr'>dare.”</span> <span class='ocrx_word' id='word_1_18' title='bbox 526 1147 661 1212; x_wconf 82' lang='lat' dir='ltr'>Deliciae</span> <span class='ocrx_word' id='word_1_19' title='bbox 694 1147 796 1212; x_wconf 88' lang='lat' dir='ltr'>etiam</span> <span class='ocrx_word' id='word_1_20' title='bbox 826 1168 950 1234; x_wconf 88' lang='lat' dir='ltr'>regum,</span> <span class='ocrx_word' id='word_1_21' title='bbox 982 1146 1175 1232; x_wconf 82' lang='lat' dir='ltr'>divitiaeque</span> <span class='ocrx_word' id='word_1_22' title='bbox 1206 1149 1384 1234; x_wconf 90' lang='lat' dir='ltr'>imperato·</span> 
     </span>
     <span class='ocr_line' id='line_1_4' title="bbox 335 1246 1383 1336; baseline 0.001 -25"><span class='ocrx_word' id='word_1_23' title='bbox 335 1269 417 1326; x_wconf 91' lang='lat' dir='ltr'>rum,</span> <span class='ocrx_word' id='word_1_24' title='bbox 440 1246 544 1330; x_wconf 83' lang='lat' dir='ltr'>Titus,</span> <span class='ocrx_word' id='word_1_25' title='bbox 559 1249 744 1315; x_wconf 89' lang='lat' dir='ltr'>Domitiani</span> <span class='ocrx_word' id='word_1_26' title='bbox 766 1249 876 1328; x_wconf 87' lang='lat' dir='ltr'>frater,</span> <span class='ocrx_word' id='word_1_27' title='bbox 897 1256 931 1314; x_wconf 93' lang='lat' dir='ltr'>et</span> <span class='ocrx_word' id='word_1_28' title='bbox 954 1250 1145 1336; x_wconf 77' lang='lat' dir='ltr'>Vespasiani</span> <span class='ocrx_word' id='word_1_29' title='bbox 1168 1249 1264 1328; x_wconf 89' lang='lat' dir='ltr'>filius,</span> <span class='ocrx_word' id='word_1_30' title='bbox 1289 1249 1383 1314; x_wconf 89' lang='lat' dir='ltr'>illum</span> 
     </span>
     <span class='ocr_line' id='line_1_5' title="bbox 337 1349 1384 1440; baseline 0.002 -26"><span class='ocrx_word' id='word_1_31' title='bbox 337 1349 423 1416; x_wconf 90' lang='lat' dir='ltr'>diem</span> <span class='ocrx_word' id='word_1_32' title='bbox 438 1353 533 1436; x_wconf 80' lang='lat' dir='ltr'><strong>quasi</strong></span> <span class='ocrx_word' id='word_1_33' title='bbox 548 1352 756 1440; x_wconf 91' lang='lat' dir='ltr'>deperditum</span> <span class='ocrx_word' id='word_1_34' title='bbox 771 1351 944 1417; x_wconf 89' lang='lat' dir='ltr'>dioebatur</span> <span class='ocrx_word' id='word_1_35' title='bbox 958 1351 1162 1438; x_wconf 75' lang='lat' dir='ltr'>deplangere,</span> <span class='ocrx_word' id='word_1_36' title='bbox 1174 1352 1210 1417; x_wconf 93' lang='lat' dir='ltr'>in</span> <span class='ocrx_word' id='word_1_37' title='bbox 1226 1375 1290 1439; x_wconf 93' lang='lat' dir='ltr'>quo</span> <span class='ocrx_word' id='word_1_38' title='bbox 1305 1349 1318 1390; x_wconf 73' lang='lat'><strong>²</strong></span> <span class='ocrx_word' id='word_1_39' title='bbox 1333 1374 1384 1417; x_wconf 90' lang='lat' dir='ltr'>re-</span> 
     </span>
     <span class='ocr_line' id='line_1_6' title="bbox 337 1453 1384 1540; baseline -0.001 -22"><span class='ocrx_word' id='word_1_40' title='bbox 337 1453 532 1519; x_wconf 79' lang='lat' dir='ltr'>cordabatur</span> <span class='ocrx_word' id='word_1_41' title='bbox 562 1476 596 1520; x_wconf 89' lang='lat' dir='ltr'>se</span> <span class='ocrx_word' id='word_1_42' title='bbox 625 1453 751 1519; x_wconf 89' lang='lat' dir='ltr'>nemini</span> <span class='ocrx_word' id='word_1_43' title='bbox 780 1454 864 1519; x_wconf 88' lang='lat' dir='ltr'>bene</span> <span class='ocrx_word' id='word_1_44' title='bbox 893 1453 1015 1520; x_wconf 86' lang='lat' dir='ltr'>feeisse.</span> <span class='ocrx_word' id='word_1_45' title='bbox 1062 1454 1219 1519; x_wconf 88' lang='lat' dir='ltr'>Famosus</span> <span class='ocrx_word' id='word_1_46' title='bbox 1241 1455 1384 1540; x_wconf 88' lang='lat' dir='ltr'>insuper,</span> 
     </span>
     <span class='ocr_line' id='line_1_7' title="bbox 337 1553 1383 1638; baseline 0.002 -20"><span class='ocrx_word' id='word_1_47' title='bbox 337 1553 468 1634; x_wconf 91' lang='lat' dir='ltr'>1immo,</span> <span class='ocrx_word' id='word_1_48' title='bbox 489 1555 733 1633; x_wconf 85' lang='lat' dir='ltr'>famosissimus,</span> <span class='ocrx_word' id='word_1_49' title='bbox 751 1555 873 1638; x_wconf 82' lang='lat' dir='ltr'>Consul</span> <span class='ocrx_word' id='word_1_50' title='bbox 892 1556 1069 1636; x_wconf 86' lang='lat' dir='ltr'>Romanus,</span> <span class='ocrx_word' id='word_1_51' title='bbox 1088 1555 1234 1637; x_wconf 75' lang='lat' dir='ltr'><strong>Quintus</strong></span> <span class='ocrx_word' id='word_1_52' title='bbox 1250 1555 1383 1631; x_wconf 86' lang='lat' dir='ltr'>Fabius,</span> 
     </span>
     <span class='ocr_line' id='line_1_8' title="bbox 337 1656 1384 1745; baseline 0 -23"><span class='ocrx_word' id='word_1_53' title='bbox 337 1656 436 1743; x_wconf 89' lang='lat' dir='ltr'>elegit</span> <span class='ocrx_word' id='word_1_54' title='bbox 464 1659 583 1744; x_wconf 91' lang='lat' dir='ltr'>potius,</span> <span class='ocrx_word' id='word_1_55' title='bbox 616 1664 654 1724; x_wconf 92' lang='lat' dir='ltr'>ut</span> <span class='ocrx_word' id='word_1_56' title='bbox 683 1658 797 1724; x_wconf 77' lang='lat' dir='ltr'><strong>scribit</strong></span> <span class='ocrx_word' id='word_1_57' title='bbox 820 1657 982 1740; x_wconf 86' lang='lat' dir='ltr'>Valerius,</span> <span class='ocrx_word' id='word_1_58' title='bbox 1004 1679 1039 1722; x_wconf 90' lang='lat' dir='ltr'>se</span> <span class='ocrx_word' id='word_1_59' title='bbox 1068 1658 1197 1745; x_wconf 88' lang='lat' dir='ltr'>inopem</span> <span class='ocrx_word' id='word_1_60' title='bbox 1229 1679 1297 1724; x_wconf 89' lang='lat' dir='ltr'>esse</span> <span class='ocrx_word' id='word_1_61' title='bbox 1326 1679 1384 1744; x_wconf 77' lang='lat' dir='ltr'>pa—</span> 
     </span>
     <span class='ocr_line' id='line_1_9' title="bbox 338 1757 1382 1848; baseline 0.002 -24"><span class='ocrx_word' id='word_1_62' title='bbox 338 1759 493 1839; x_wconf 89' lang='lat' dir='ltr'>trimonii,</span> <span class='ocrx_word' id='word_1_63' title='bbox 510 1782 608 1846; x_wconf 89' lang='lat' dir='ltr'>quam</span> <span class='ocrx_word' id='word_1_64' title='bbox 631 1761 822 1848; x_wconf 73' lang='lat' dir='ltr'>permittent</span> <span class='ocrx_word' id='word_1_65' title='bbox 837 1783 912 1826; x_wconf 87' lang='lat' dir='ltr'>suos</span> <span class='ocrx_word' id='word_1_66' title='bbox 929 1761 1037 1846; x_wconf 87' lang='lat' dir='ltr'>jaeere</span> <span class='ocrx_word' id='word_1_67' title='bbox 1060 1761 1096 1825; x_wconf 91' lang='lat' dir='ltr'>in</span> <span class='ocrx_word' id='word_1_68' title='bbox 1119 1761 1310 1842; x_wconf 86' lang='lat' dir='ltr'>oareeribus,</span> <span class='ocrx_word' id='word_1_69' title='bbox 1326 1757 1382 1826; x_wconf 76' lang='lat' dir='ltr'>8et</span> 
     </span>
    </p>
   </div>
   <div class='ocr_carea' id='block_1_3' title="bbox 240 1862 803 1950">
    <p class='ocr_par' dir='ltr' id='par_1_3' title="bbox 240 1862 803 1950">
     <span class='ocr_line' id='line_1_10' title="bbox 240 1862 803 1950; baseline 0.002 -22"><span class='ocrx_word' id='word_1_70' title='bbox 240 1867 243 1873; x_wconf 80' lang='grc'><strong>“</strong></span> <span class='ocrx_word' id='word_1_71' title='bbox 338 1882 461 1928; x_wconf 81' lang='lat' dir='ltr'>camere</span> <span class='ocrx_word' id='word_1_72' title='bbox 483 1863 589 1950; x_wconf 90' lang='lat' dir='ltr'>pretio</span> <span class='ocrx_word' id='word_1_73' title='bbox 611 1862 803 1929; x_wconf 90' lang='lat' dir='ltr'>redimendi.</span> 
     </span>
    </p>
   </div>
   <div class='ocr_carea' id='block_1_4' title="bbox 383 1963 1540 2052">
    <p class='ocr_par' dir='ltr' id='par_1_4' title="bbox 383 1963 1540 2052">
     <span class='ocr_line' id='line_1_11' title="bbox 383 1963 1540 2052; baseline 0.005 -24"><span class='ocrx_word' id='word_1_74' title='bbox 383 1963 528 2045; x_wconf 79' lang='lat' dir='ltr'>Quorum</span> <span class='ocrx_word' id='word_1_75' title='bbox 551 1965 736 2044; x_wconf 87' lang='lat' dir='ltr'>verborum,</span> <span class='ocrx_word' id='word_1_76' title='bbox 751 1965 820 2031; x_wconf 89' lang='lat' dir='ltr'>sive</span> <span class='ocrx_word' id='word_1_77' title='bbox 842 1965 1009 2045; x_wconf 79' lang='lat' dir='ltr'>similium,</span> <span class='ocrx_word' id='word_1_78' title='bbox 1032 1965 1296 2052; x_wconf 81' lang='lat' dir='ltr'>persuasionibus</span> <span class='ocrx_word' id='word_1_79' title='bbox 1316 1979 1540 2034; x_wconf 68' lang='lat' dir='ltr'>nonnuexees</span> 
     </span>
    </p>
   </div>
   <div class='ocr_carea' id='block_1_5' title="bbox 338 2047 1551 2178">
    <p class='ocr_par' dir='ltr' id='par_1_5' title="bbox 338 2047 1551 2178">
     <span class='ocr_line' id='line_1_12' title="bbox 338 2047 1551 2178; baseline 0.008 -46"><span class='ocrx_word' id='word_1_80' title='bbox 338 2066 447 2132; x_wconf 87' lang='lat' dir='ltr'>minus</span> <span class='ocrx_word' id='word_1_81' title='bbox 478 2067 641 2146; x_wconf 85' lang='lat' dir='ltr'>inductus,</span> <span class='ocrx_word' id='word_1_82' title='bbox 665 2090 763 2154; x_wconf 92' lang='lat' dir='ltr'>quam</span> <span class='ocrx_word' id='word_1_83' title='bbox 793 2089 835 2133; x_wconf 83' lang='lat' dir='ltr'>ex</span> <span class='ocrx_word' id='word_1_84' title='bbox 865 2069 983 2133; x_wconf 87' lang='lat' dir='ltr'>inuata</span> <span class='ocrx_word' id='word_1_85' title='bbox 1012 2068 1225 2156; x_wconf 83' lang='lat' dir='ltr'>ingenitaque</span> <span class='ocrx_word' id='word_1_86' title='bbox 1247 2047 1551 2178; x_wconf 58' lang='lat' dir='ltr'>‹inpos-giffll&#39;</span> 
     </span>
    </p>
   </div>
   <div class='ocr_carea' id='block_1_6' title="bbox 335 2168 1534 3996">
    <p class='ocr_par' dir='ltr' id='par_1_6' title="bbox 337 2168 1530 2464">
     <span class='ocr_line' id='line_1_13' title="bbox 338 2168 1526 2257; baseline 0.001 -26"><span class='ocrx_word' id='word_1_87' title='bbox 338 2168 427 2235; x_wconf 86' lang='lat' dir='ltr'>tione</span> <span class='ocrx_word' id='word_1_88' title='bbox 450 2169 636 2249; x_wconf 85' lang='lat' dir='ltr'>inclinatus,</span> <span class='ocrx_word' id='word_1_89' title='bbox 663 2169 700 2234; x_wconf 91' lang='lat' dir='ltr'>in</span> <span class='ocrx_word' id='word_1_90' title='bbox 722 2174 853 2235; x_wconf 90' lang='lat' dir='ltr'>tantum</span> <span class='ocrx_word' id='word_1_91' title='bbox 878 2170 989 2256; x_wconf 87' lang='lat' dir='ltr'>largus</span> <span class='ocrx_word' id='word_1_92' title='bbox 1012 2169 1248 2257; x_wconf 86' lang='lat' dir='ltr'>largifluusque</span> <span class='ocrx_word' id='word_1_93' title='bbox 1273 2172 1425 2237; x_wconf 78' lang='lat' dir='ltr'>faetusiu</span> <span class='ocrx_word' id='word_1_94' title='bbox 1438 2183 1526 2233; x_wconf 77' lang='lat' dir='ltr'>unfor-</span> 
     </span>
     <span class='ocr_line' id='line_1_14' title="bbox 337 2255 1530 2368; baseline 0.005 -34"><span class='ocrx_word' id='word_1_95' title='bbox 337 2270 513 2350; x_wconf 74' lang='lat' dir='ltr'>saeratae</span> <span class='ocrx_word' id='word_1_96' title='bbox 544 2273 645 2336; x_wconf 86' lang='lat' dir='ltr'>etiam</span> <span class='ocrx_word' id='word_1_97' title='bbox 677 2270 829 2350; x_wconf 88' lang='lat' dir='ltr'>liberalis,</span> <span class='ocrx_word' id='word_1_98' title='bbox 853 2277 892 2338; x_wconf 91' lang='lat' dir='ltr'>ut</span> <span class='ocrx_word' id='word_1_99' title='bbox 924 2272 1062 2351; x_wconf 90' lang='lat' dir='ltr'>nullum,</span> <span class='ocrx_word' id='word_1_100' title='bbox 1089 2295 1123 2338; x_wconf 90' lang='lat' dir='ltr'>se</span> <span class='ocrx_word' id='word_1_101' title='bbox 1145 2273 1236 2338; x_wconf 89' lang='lat' dir='ltr'>billis</span> <span class='ocrx_word' id='word_1_102' title='bbox 1262 2255 1530 2368; x_wconf 53' lang='lat' dir='ltr'>sollici-ff*</span> 
     </span>
     <span class='ocr_line' id='line_1_15' title="bbox 338 2373 1383 2464; baseline 0.006 -27"><span class='ocrx_word' id='word_1_103' title='bbox 338 2377 474 2453; x_wconf 88' lang='lat' dir='ltr'>tantem,</span> <span class='ocrx_word' id='word_1_104' title='bbox 500 2378 687 2460; x_wconf 81' lang='lat' dir='ltr'>sperneret3</span> <span class='ocrx_word' id='word_1_105' title='bbox 723 2373 855 2455; x_wconf 89' lang='lat' dir='ltr'>1immo,</span> <span class='ocrx_word' id='word_1_106' title='bbox 885 2374 1077 2441; x_wconf 86' lang='lat' dir='ltr'>admitteret</span> <span class='ocrx_word' id='word_1_107' title='bbox 1107 2397 1383 2464; x_wconf 89' lang='lat' dir='ltr'>unumquemque,</span> 
     </span>
    </p>

    <p class='ocr_par' dir='ltr' id='par_1_7' title="bbox 338 2475 1382 2564">
     <span class='ocr_line' id='line_1_16' title="bbox 338 2475 1382 2564; baseline 0.006 -26"><span class='ocrx_word' id='word_1_108' title='bbox 338 2476 432 2560; x_wconf 84' lang='lat' dir='ltr'>quasi</span> <span class='ocrx_word' id='word_1_109' title='bbox 461 2475 696 2553; x_wconf 86' lang='lat' dir='ltr'>indifferenter,</span> <span class='ocrx_word' id='word_1_110' title='bbox 727 2497 765 2541; x_wconf 87' lang='lat' dir='ltr'>ao</span> <span class='ocrx_word' id='word_1_111' title='bbox 795 2497 854 2562; x_wconf 92' lang='lat' dir='ltr'>pro</span> <span class='ocrx_word' id='word_1_112' title='bbox 877 2482 965 2556; x_wconf 87' lang='lat' dir='ltr'>voto,</span> <span class='ocrx_word' id='word_1_113' title='bbox 988 2482 1022 2543; x_wconf 90' lang='lat' dir='ltr'>et</span> <span class='ocrx_word' id='word_1_114' title='bbox 1045 2478 1168 2564; x_wconf 87' lang='lat' dir='ltr'>absque</span> <span class='ocrx_word' id='word_1_115' title='bbox 1191 2480 1382 2564; x_wconf 76' lang='lat' dir='ltr'>quaestione,</span> 
     </span>
    </p>

    <p class='ocr_par' dir='ltr' id='par_1_8' title="bbox 337 2577 1382 2666">
     <span class='ocr_line' id='line_1_17' title="bbox 337 2577 1382 2666; baseline 0.007 -26"><span class='ocrx_word' id='word_1_116' title='bbox 337 2598 433 2641; x_wconf 92' lang='lat' dir='ltr'>suum</span> <span class='ocrx_word' id='word_1_117' title='bbox 448 2577 645 2644; x_wconf 86' lang='lat' dir='ltr'>desiderium</span> <span class='ocrx_word' id='word_1_118' title='bbox 660 2577 838 2664; x_wconf 85' lang='lat' dir='ltr'>expediret</span> <span class='ocrx_word' id='word_1_119' title='bbox 879 2578 1003 2666; x_wconf 80' lang='lat' dir='ltr'>Sisque,</span> <span class='ocrx_word' id='word_1_120' title='bbox 1020 2587 1055 2645; x_wconf 92' lang='lat' dir='ltr'>et</span> <span class='ocrx_word' id='word_1_121' title='bbox 1066 2601 1124 2666; x_wconf 88' lang='lat' dir='ltr'>per</span> <span class='ocrx_word' id='word_1_122' title='bbox 1138 2580 1225 2645; x_wconf 87' lang='lat' dir='ltr'>hune</span> <span class='ocrx_word' id='word_1_123' title='bbox 1240 2582 1382 2658; x_wconf 89' lang='lat' dir='ltr'>modum,</span> 
     </span>
    </p>

    <p class='ocr_par' dir='ltr' id='par_1_9' title="bbox 337 2679 1382 2768">
     <span class='ocr_line' id='line_1_18' title="bbox 337 2679 1382 2768; baseline 0.005 -24"><span class='ocrx_word' id='word_1_124' title='bbox 337 2701 388 2745; x_wconf 89' lang='lat' dir='ltr'>res</span> <span class='ocrx_word' id='word_1_125' title='bbox 409 2679 517 2768; x_wconf 81' lang='lat' dir='ltr'>regiae,</span> <span class='ocrx_word' id='word_1_126' title='bbox 538 2702 613 2766; x_wconf 83' lang='lat' dir='ltr'>quae</span> <span class='ocrx_word' id='word_1_127' title='bbox 635 2679 722 2756; x_wconf 86' lang='lat' dir='ltr'>olim,</span> <span class='ocrx_word' id='word_1_128' title='bbox 739 2681 783 2744; x_wconf 90' lang='lat' dir='ltr'>ad</span> <span class='ocrx_word' id='word_1_129' title='bbox 796 2680 909 2767; x_wconf 81' lang='lat' dir='ltr'>gloriae</span> <span class='ocrx_word' id='word_1_130' title='bbox 926 2681 1103 2760; x_wconf 83' lang='lat' dir='ltr'>cumulum,</span> <span class='ocrx_word' id='word_1_131' title='bbox 1118 2686 1207 2748; x_wconf 91' lang='lat' dir='ltr'>stare</span> <span class='ocrx_word' id='word_1_132' title='bbox 1230 2682 1382 2749; x_wconf 88' lang='lat' dir='ltr'>solebant</span> 
     </span>
    </p>

    <p class='ocr_par' dir='ltr' id='par_1_10' title="bbox 337 2782 1383 2870">
     <span class='ocr_line' id='line_1_19' title="bbox 337 2782 1383 2870; baseline 0.002 -23"><span class='ocrx_word' id='word_1_133' title='bbox 337 2782 397 2848; x_wconf 90' lang='lat' dir='ltr'>sub</span> <span class='ocrx_word' id='word_1_134' title='bbox 429 2803 572 2870; x_wconf 80' lang='lat' dir='ltr'>congrua</span> <span class='ocrx_word' id='word_1_135' title='bbox 601 2782 823 2868; x_wconf 76' lang='lat' dir='ltr'>continuaque</span> <span class='ocrx_word' id='word_1_136' title='bbox 853 2783 1155 2863; x_wconf 71' lang='lat' dir='ltr'>incrementatione,</span> <span class='ocrx_word' id='word_1_137' title='bbox 1182 2785 1218 2848; x_wconf 89' lang='lat' dir='ltr'>in</span> <span class='ocrx_word' id='word_1_138' title='bbox 1249 2789 1383 2849; x_wconf 90' lang='lat' dir='ltr'>tantum</span> 
     </span>
    </p>

    <p class='ocr_par' dir='ltr' id='par_1_11' title="bbox 337 2884 1383 2973">
     <span class='ocr_line' id='line_1_20' title="bbox 337 2884 1383 2973; baseline 0.001 -24"><span class='ocrx_word' id='word_1_139' title='bbox 337 2907 396 2972; x_wconf 94' lang='lat' dir='ltr'>pro</span> <span class='ocrx_word' id='word_1_140' title='bbox 418 2890 507 2964; x_wconf 86' lang='lat' dir='ltr'>tuno,</span> <span class='ocrx_word' id='word_1_141' title='bbox 527 2906 586 2972; x_wconf 91' lang='lat' dir='ltr'>per</span> <span class='ocrx_word' id='word_1_142' title='bbox 607 2885 718 2950; x_wconf 91' lang='lat' dir='ltr'>minus</span> <span class='ocrx_word' id='word_1_143' title='bbox 740 2884 977 2972; x_wconf 72' lang='lat' dir='ltr'>providemus</span> <span class='ocrx_word' id='word_1_144' title='bbox 1001 2886 1130 2952; x_wconf 87' lang='lat' dir='ltr'>dieatur</span> <span class='ocrx_word' id='word_1_145' title='bbox 1151 2886 1251 2951; x_wconf 91' lang='lat' dir='ltr'>nimis</span> <span class='ocrx_word' id='word_1_146' title='bbox 1273 2887 1383 2973; x_wconf 90' lang='lat' dir='ltr'>prodi-</span> 
     </span>
    </p>

    <p class='ocr_par' dir='ltr' id='par_1_12' title="bbox 335 2985 1383 3076">
     <span class='ocr_line' id='line_1_21' title="bbox 335 2985 1383 3076; baseline -0.001 -22"><span class='ocrx_word' id='word_1_147' title='bbox 335 3009 420 3076; x_wconf 85' lang='lat' dir='ltr'>gam,</span> <span class='ocrx_word' id='word_1_148' title='bbox 444 2986 544 3073; x_wconf 82' lang='lat' dir='ltr'>Regis</span> <span class='ocrx_word' id='word_1_149' title='bbox 569 2985 788 3073; x_wconf 68' lang='lat' dir='ltr'>largitionem,</span> <span class='ocrx_word' id='word_1_150' title='bbox 810 2991 990 3052; x_wconf 89' lang='lat' dir='ltr'>retrorsum</span> <span class='ocrx_word' id='word_1_151' title='bbox 1024 2987 1185 3068; x_wconf 91' lang='lat' dir='ltr'>abierant,</span> <span class='ocrx_word' id='word_1_152' title='bbox 1209 2988 1383 3076; x_wconf 84' lang='lat' dir='ltr'>taliterque</span> 
     </span>
    </p>

    <p class='ocr_par' dir='ltr' id='par_1_13' title="bbox 335 3088 1382 3176">
     <span class='ocr_line' id='line_1_22' title="bbox 335 3088 1382 3176; baseline 0.001 -22"><span class='ocrx_word' id='word_1_153' title='bbox 335 3090 372 3154; x_wconf 93' lang='lat' dir='ltr'>in</span> <span class='ocrx_word' id='word_1_154' title='bbox 409 3111 443 3155; x_wconf 86' lang='lat' dir='ltr'>se</span> <span class='ocrx_word' id='word_1_155' title='bbox 480 3088 691 3168; x_wconf 85' lang='lat' dir='ltr'>abbreviatae,</span> <span class='ocrx_word' id='word_1_156' title='bbox 723 3088 966 3176; x_wconf 80' lang='lat' dir='ltr'>defalcataeque,</span> <span class='ocrx_word' id='word_1_157' title='bbox 1000 3111 1039 3156; x_wconf 87' lang='lat' dir='ltr'>ee</span> <span class='ocrx_word' id='word_1_158' title='bbox 1073 3090 1254 3170; x_wconf 74' lang='lat' dir='ltr'>diminuta,</span> <span class='ocrx_word' id='word_1_159' title='bbox 1277 3095 1382 3172; x_wconf 89' lang='lat' dir='ltr'>erant,</span> 
     </span>
    </p>

    <p class='ocr_par' dir='ltr' id='par_1_14' title="bbox 337 3190 1383 3278">
     <span class='ocr_line' id='line_1_23' title="bbox 337 3190 1383 3278; baseline 0.002 -20"><span class='ocrx_word' id='word_1_160' title='bbox 337 3193 424 3278; x_wconf 90' lang='lat' dir='ltr'>quod</span> <span class='ocrx_word' id='word_1_161' title='bbox 450 3191 561 3258; x_wconf 83' lang='lat' dir='ltr'>Oraeso</span> <span class='ocrx_word' id='word_1_162' title='bbox 591 3190 741 3278; x_wconf 85' lang='lat' dir='ltr'>quamvis</span> <span class='ocrx_word' id='word_1_163' title='bbox 776 3191 878 3257; x_wconf 90' lang='lat' dir='ltr'>ditior</span> <span class='ocrx_word' id='word_1_164' title='bbox 900 3197 987 3257; x_wconf 85' lang='lat' dir='ltr'>esset</span> <span class='ocrx_word' id='word_1_165' title='bbox 1017 3193 1054 3258; x_wconf 91' lang='lat' dir='ltr'>in</span> <span class='ocrx_word' id='word_1_166' title='bbox 1086 3193 1227 3273; x_wconf 91' lang='lat' dir='ltr'>nomine,</span> <span class='ocrx_word' id='word_1_167' title='bbox 1250 3191 1383 3260; x_wconf 64' lang='grc' dir='ltr'>ὕ0οείτο</span> 
     </span>
    </p>

    <p class='ocr_par' dir='ltr' id='par_1_15' title="bbox 337 3292 1383 3382">
     <span class='ocr_line' id='line_1_24' title="bbox 337 3292 1383 3382; baseline 0.001 -21"><span class='ocrx_word' id='word_1_168' title='bbox 337 3301 449 3361; x_wconf 90' lang='lat' dir='ltr'>tamen</span> <span class='ocrx_word' id='word_1_169' title='bbox 483 3298 588 3360; x_wconf 86' lang='lat' dir='ltr'>staret</span> <span class='ocrx_word' id='word_1_170' title='bbox 620 3292 794 3381; x_wconf 85' lang='lat' dir='ltr'>pauperior</span> <span class='ocrx_word' id='word_1_171' title='bbox 827 3294 863 3358; x_wconf 92' lang='lat' dir='ltr'>in</span> <span class='ocrx_word' id='word_1_172' title='bbox 898 3315 994 3381; x_wconf 89' lang='lat' dir='ltr'>opere</span> <span class='ocrx_word' id='word_1_173' title='bbox 1006 3319 1015 3376; x_wconf 92' lang='lat'>;</span> <span class='ocrx_word' id='word_1_174' title='bbox 1046 3295 1156 3381; x_wconf 87' lang='lat' dir='ltr'>sieque</span> <span class='ocrx_word' id='word_1_175' title='bbox 1186 3316 1309 3382; x_wconf 92' lang='lat' dir='ltr'>pauper</span> <span class='ocrx_word' id='word_1_176' title='bbox 1347 3302 1383 3362; x_wconf 92' lang='lat' dir='ltr'>et</span> 
     </span>
    </p>

    <p class='ocr_par' dir='ltr' id='par_1_16' title="bbox 335 3396 1382 3486">
     <span class='ocr_line' id='line_1_25' title="bbox 335 3396 1382 3486; baseline 0 -22"><span class='ocrx_word' id='word_1_177' title='bbox 335 3420 442 3486; x_wconf 88' lang='lat' dir='ltr'>egens,</span> <span class='ocrx_word' id='word_1_178' title='bbox 457 3397 552 3483; x_wconf 88' lang='lat' dir='ltr'>inops</span> <span class='ocrx_word' id='word_1_179' title='bbox 575 3401 610 3462; x_wconf 88' lang='lat' dir='ltr'>et</span> <span class='ocrx_word' id='word_1_180' title='bbox 632 3396 793 3484; x_wconf 87' lang='lat' dir='ltr'>indigens,</span> <span class='ocrx_word' id='word_1_181' title='bbox 810 3401 849 3462; x_wconf 91' lang='lat' dir='ltr'>ut</span> <span class='ocrx_word' id='word_1_182' title='bbox 869 3397 1047 3476; x_wconf 88' lang='lat' dir='ltr'>residuum,</span> <span class='ocrx_word' id='word_1_183' title='bbox 1063 3398 1151 3485; x_wconf 90' lang='lat' dir='ltr'>quod</span> <span class='ocrx_word' id='word_1_184' title='bbox 1167 3397 1232 3464; x_wconf 91' lang='lat' dir='ltr'>sibi</span> <span class='ocrx_word' id='word_1_185' title='bbox 1254 3421 1382 3465; x_wconf 88' lang='lat' dir='ltr'>reman-</span> 
     </span>
    </p>

    <p class='ocr_par' dir='ltr' id='par_1_17' title="bbox 336 3499 1534 3996">
     <span class='ocr_line' id='line_1_26' title="bbox 337 3499 1382 3578; baseline 0 -12"><span class='ocrx_word' id='word_1_186' title='bbox 337 3506 433 3578; x_wconf 86' lang='lat' dir='ltr'>serat,</span> <span class='ocrx_word' id='word_1_187' title='bbox 448 3499 639 3564; x_wconf 87' lang='lat' dir='ltr'>nullatenus</span> <span class='ocrx_word' id='word_1_188' title='bbox 654 3499 696 3564; x_wconf 68' lang='lat' dir='ltr'>ari</span> <span class='ocrx_word' id='word_1_189' title='bbox 719 3499 972 3565; x_wconf 87' lang='lat' dir='ltr'>sustentandum</span> <span class='ocrx_word' id='word_1_190' title='bbox 994 3500 1121 3566; x_wconf 90' lang='lat' dir='ltr'>nudum</span> <span class='ocrx_word' id='word_1_191' title='bbox 1143 3505 1270 3567; x_wconf 87' lang='lat' dir='ltr'>statum</span> <span class='ocrx_word' id='word_1_192' title='bbox 1286 3524 1382 3567; x_wconf 82' lang='lat' dir='ltr'>auum</span> 
     </span>
     <span class='ocr_line' id='line_1_27' title="bbox 337 3600 1487 3690; baseline -0.003 -23"><span class='ocrx_word' id='word_1_193' title='bbox 337 3602 473 3690; x_wconf 90' lang='lat' dir='ltr'>regium,</span> <span class='ocrx_word' id='word_1_194' title='bbox 489 3601 638 3666; x_wconf 85' lang='lat' dir='ltr'>deductis</span> <span class='ocrx_word' id='word_1_195' title='bbox 660 3601 812 3688; x_wconf 88' lang='lat' dir='ltr'>expensis</span> <span class='ocrx_word' id='word_1_196' title='bbox 836 3600 1035 3681; x_wconf 72' lang='lat' dir='ltr'>⁶forinseei5,</span> <span class='ocrx_word' id='word_1_197' title='bbox 1050 3601 1239 3671; x_wconf 84' lang='lat' dir='ltr'>sufficiebat.</span> <span class='ocrx_word' id='word_1_198' title='bbox 1286 3604 1381 3686; x_wconf 78' lang='lat' dir='ltr'>Quod</span> <span class='ocrx_word' id='word_1_199' title='bbox 1394 3613 1487 3665; x_wconf 74' lang='lat' dir='ltr'>Taisia</span> 
     </span>
     <span class='ocr_line' id='line_1_28' title="bbox 337 3681 1534 3798; baseline 0.003 -30"><span class='ocrx_word' id='word_1_200' title='bbox 337 3704 439 3791; x_wconf 91' lang='lat' dir='ltr'>probi,</span> <span class='ocrx_word' id='word_1_201' title='bbox 461 3703 599 3788; x_wconf 91' lang='lat' dir='ltr'>providi,</span> <span class='ocrx_word' id='word_1_202' title='bbox 614 3703 805 3788; x_wconf 76' lang='lat' dir='ltr'>politicique</span> <span class='ocrx_word' id='word_1_203' title='bbox 820 3703 893 3782; x_wconf 85' lang='lat' dir='ltr'>viri,</span> <span class='ocrx_word' id='word_1_204' title='bbox 909 3725 948 3770; x_wconf 87' lang='lat' dir='ltr'>ao</span> <span class='ocrx_word' id='word_1_205' title='bbox 962 3704 1095 3786; x_wconf 90' lang='lat' dir='ltr'>maturi,</span> <span class='ocrx_word' id='word_1_206' title='bbox 1110 3707 1146 3770; x_wconf 89' lang='lat' dir='ltr'>iu</span> <span class='ocrx_word' id='word_1_207' title='bbox 1162 3706 1382 3772; x_wconf 90' lang='lat' dir='ltr'>Parliamento</span> <span class='ocrx_word' id='word_1_208' title='bbox 1394 3681 1534 3798; x_wconf 41' lang='lat' dir='ltr'>ffidissll</span> 
     </span>
     <span class='ocr_line' id='line_1_29' title="bbox 336 3803 1493 3895; baseline 0.007 -23"><span class='ocrx_word' id='word_1_209' title='bbox 336 3806 426 3894; x_wconf 90' lang='lat' dir='ltr'>apud</span> <span class='ocrx_word' id='word_1_210' title='bbox 451 3803 778 3871; x_wconf 78' lang='lat' dir='ltr'>westmonasterium</span> <span class='ocrx_word' id='word_1_211' title='bbox 805 3807 1002 3894; x_wconf 82' lang='lat' dir='ltr'>congregati,</span> <span class='ocrx_word' id='word_1_212' title='bbox 1025 3807 1255 3895; x_wconf 84' lang='lat' dir='ltr'>intelligentes,</span> <span class='ocrx_word' id='word_1_213' title='bbox 1279 3829 1381 3874; x_wconf 91' lang='lat' dir='ltr'>reme·</span> <span class='ocrx_word' id='word_1_214' title='bbox 1394 3814 1493 3890; x_wconf 60' lang='lat' dir='ltr'>liwir</span> 
     </span>
     <span class='ocr_line' id='line_1_30' title="bbox 337 3880 1490 3996; baseline 0 -23"><span class='ocrx_word' id='word_1_215' title='bbox 337 3912 565 3992; x_wconf 85' lang='lat' dir='ltr'>morantesque</span> <span class='ocrx_word' id='word_1_216' title='bbox 587 3907 623 3970; x_wconf 90' lang='lat' dir='ltr'>iu</span> <span class='ocrx_word' id='word_1_217' title='bbox 649 3907 762 3993; x_wconf 87' lang='lat' dir='ltr'>speeie,</span> <span class='ocrx_word' id='word_1_218' title='bbox 785 3908 932 3974; x_wconf 87' lang='lat' dir='ltr'>sednon</span> <span class='ocrx_word' id='word_1_219' title='bbox 962 3908 1086 3994; x_wconf 89' lang='lat' dir='ltr'>absque</span> <span class='ocrx_word' id='word_1_220' title='bbox 1112 3908 1234 3975; x_wconf 89' lang='lat' dir='ltr'>mentis</span> <span class='ocrx_word' id='word_1_221' title='bbox 1263 3909 1381 3974; x_wconf 91' lang='lat' dir='ltr'>amari-</span> <span class='ocrx_word' id='word_1_222' title='bbox 1394 3880 1490 3996; x_wconf 54' lang='lat' dir='ltr'>ffl&#39;</span> 
     </span>
    </p>
   </div>
   <div class='ocr_carea' id='block_1_7' title="bbox 338 4009 1383 4098">
    <p class='ocr_par' dir='ltr' id='par_1_18' title="bbox 338 4009 1383 4098">
     <span class='ocr_line' id='line_1_31' title="bbox 338 4009 1383 4098; baseline 0.002 -22"><span class='ocrx_word' id='word_1_223' title='bbox 338 4011 462 4088; x_wconf 88' lang='lat' dir='ltr'>tudine,</span> <span class='ocrx_word' id='word_1_224' title='bbox 484 4009 646 4095; x_wconf 92' lang='lat' dir='ltr'>quomodo</span> <span class='ocrx_word' id='word_1_225' title='bbox 663 4009 852 4095; x_wconf 89' lang='lat' dir='ltr'>pauperiem</span> <span class='ocrx_word' id='word_1_226' title='bbox 877 4009 976 4097; x_wconf 84' lang='lat' dir='ltr'>Regis</span> <span class='ocrx_word' id='word_1_227' title='bbox 999 4010 1213 4095; x_wconf 84' lang='lat' dir='ltr'>subsequitur</span> <span class='ocrx_word' id='word_1_228' title='bbox 1230 4011 1383 4098; x_wconf 90' lang='lat' dir='ltr'>spoliatio</span> 
     </span>
    </p>
   </div>
   <div class='ocr_carea' id='block_1_8' title="bbox 336 4111 1383 4506">
    <p class='ocr_par' dir='ltr' id='par_1_19' title="bbox 336 4111 1383 4506">
     <span class='ocr_line' id='line_1_32' title="bbox 337 4111 1383 4203; baseline 0.003 -27"><span class='ocrx_word' id='word_1_229' title='bbox 337 4113 449 4200; x_wconf 92' lang='lat' dir='ltr'>plebis,</span> <span class='ocrx_word' id='word_1_230' title='bbox 480 4111 685 4200; x_wconf 85' lang='lat' dir='ltr'>qualiterque</span> <span class='ocrx_word' id='word_1_231' title='bbox 718 4111 765 4177; x_wconf 91' lang='lat' dir='ltr'>ibi</span> <span class='ocrx_word' id='word_1_232' title='bbox 795 4112 960 4203; x_wconf 80' lang='lat' dir='ltr'>oportebit</span> <span class='ocrx_word' id='word_1_233' title='bbox 986 4113 1120 4179; x_wconf 92' lang='lat' dir='ltr'>omnino</span> <span class='ocrx_word' id='word_1_234' title='bbox 1154 4113 1302 4193; x_wconf 89' lang='lat' dir='ltr'>multam,</span> <span class='ocrx_word' id='word_1_235' title='bbox 1325 4137 1383 4179; x_wconf 88' lang='lat' dir='ltr'>seu</span> 
     </span>
     <span class='ocr_line' id='line_1_33' title="bbox 336 4214 1383 4303; baseline -0.001 -22"><span class='ocrx_word' id='word_1_236' title='bbox 336 4219 459 4295; x_wconf 85' lang='lat' dir='ltr'>texam,</span> <span class='ocrx_word' id='word_1_237' title='bbox 481 4233 630 4294; x_wconf 85' lang='lat' dir='ltr'>creseere,</span> <span class='ocrx_word' id='word_1_238' title='bbox 654 4214 712 4278; x_wconf 93' lang='lat' dir='ltr'>ubi</span> <span class='ocrx_word' id='word_1_239' title='bbox 734 4235 786 4279; x_wconf 88' lang='lat' dir='ltr'>res</span> <span class='ocrx_word' id='word_1_240' title='bbox 808 4215 967 4280; x_wconf 81' lang='lat' dir='ltr'>deliciunt</span> <span class='ocrx_word' id='word_1_241' title='bbox 993 4215 1183 4280; x_wconf 75' lang='lat' dir='ltr'>necessaria</span> <span class='ocrx_word' id='word_1_242' title='bbox 1206 4236 1265 4302; x_wconf 91' lang='lat' dir='ltr'>pro</span> <span class='ocrx_word' id='word_1_243' title='bbox 1294 4216 1383 4303; x_wconf 87' lang='lat' dir='ltr'>regia</span> 
     </span>
     <span class='ocr_line' id='line_1_34' title="bbox 337 4315 1382 4397; baseline 0 -15"><span class='ocrx_word' id='word_1_244' title='bbox 337 4317 587 4392; x_wconf 77' lang='lat' dir='ltr'>mutentatione,</span> <span class='ocrx_word' id='word_1_245' title='bbox 610 4315 821 4382; x_wconf 87' lang='lat' dir='ltr'>deduxerunt</span> <span class='ocrx_word' id='word_1_246' title='bbox 850 4317 936 4382; x_wconf 88' lang='lat' dir='ltr'>hano</span> <span class='ocrx_word' id='word_1_247' title='bbox 966 4318 1137 4382; x_wconf 84' lang='lat' dir='ltr'>materiam</span> <span class='ocrx_word' id='word_1_248' title='bbox 1165 4317 1200 4381; x_wconf 95' lang='lat' dir='ltr'>in</span> <span class='ocrx_word' id='word_1_249' title='bbox 1228 4318 1382 4397; x_wconf 89' lang='lat' dir='ltr'>medium,</span> 
     </span>
     <span class='ocr_line' id='line_1_35' title="bbox 337 4418 1383 4506; baseline 0 -22"><span class='ocrx_word' id='word_1_250' title='bbox 337 4419 619 4504; x_wconf 80' lang='lat' dir='ltr'>deliberantesque</span> <span class='ocrx_word' id='word_1_251' title='bbox 642 4419 777 4498; x_wconf 83' lang='lat' dir='ltr'>diutius,</span> <span class='ocrx_word' id='word_1_252' title='bbox 799 4419 877 4504; x_wconf 88' lang='lat' dir='ltr'>quia</span> <span class='ocrx_word' id='word_1_253' title='bbox 898 4440 957 4506; x_wconf 89' lang='lat' dir='ltr'>per</span> <span class='ocrx_word' id='word_1_254' title='bbox 979 4418 1049 4484; x_wconf 88' lang='lat' dir='ltr'>dies</span> <span class='ocrx_word' id='word_1_255' title='bbox 1069 4441 1135 4484; x_wconf 91' lang='lat' dir='ltr'>uon</span> <span class='ocrx_word' id='word_1_256' title='bbox 1157 4441 1284 4506; x_wconf 80' lang='lat' dir='ltr'>paucos,</span> <span class='ocrx_word' id='word_1_257' title='bbox 1308 4419 1383 4484; x_wconf 84' lang='lat' dir='ltr'>dix-</span> 
     </span>
    </p>
   </div>
   <div class='ocr_carea' id='block_1_9' title="bbox 336 4609 1384 4916">
    <p class='ocr_par' dir='ltr' id='par_1_20' title="bbox 369 4609 1384 4835">
     <span class='ocr_line' id='line_1_36' title="bbox 372 4609 1105 4676; baseline -0.003 -14"><span class='ocrx_word' id='word_1_258' title='bbox 372 4612 380 4644; x_wconf 93' lang='lat'><strong>¹</strong></span> <span class='ocrx_word' id='word_1_259' title='bbox 389 4611 545 4676; x_wconf 77' lang='lat' dir='ltr'>ymniuMS.</span> <span class='ocrx_word' id='word_1_260' title='bbox 882 4626 937 4661; x_wconf 86' lang='lat' dir='ltr'>mus</span> <span class='ocrx_word' id='word_1_261' title='bbox 949 4611 980 4660; x_wconf 92' lang='lat' dir='ltr'>B.</span> <span class='ocrx_word' id='word_1_262' title='bbox 992 4609 1026 4660; x_wconf 86' lang='lat' dir='ltr'>iv.</span> <span class='ocrx_word' id='word_1_263' title='bbox 1039 4610 1068 4661; x_wconf 84' lang='lat' dir='ltr'>C.</span> <span class='ocrx_word' id='word_1_264' title='bbox 1081 4616 1105 4660; x_wconf 80' lang='grc'>8.</span> 
     </span>
     <span class='ocr_line' id='line_1_37' title="bbox 372 4689 1384 4744; baseline 0.002 -3"><span class='ocrx_word' id='word_1_265' title='bbox 372 4689 561 4742; x_wconf 77' lang='lat' dir='ltr'>’recordabatur</span> <span class='ocrx_word' id='word_1_266' title='bbox 573 4693 600 4741; x_wconf 91' lang='lat' dir='ltr'>ln</span> <span class='ocrx_word' id='word_1_267' title='bbox 612 4691 668 4743; x_wconf 82' lang='lat' dir='ltr'>MS.</span> <span class='ocrx_word' id='word_1_268' title='bbox 917 4690 969 4739; x_wconf 69' lang='lat' dir='ltr'>⁵In</span> <span class='ocrx_word' id='word_1_269' title='bbox 981 4689 1087 4739; x_wconf 79' lang='lat' dir='ltr'>ulusiou</span> <span class='ocrx_word' id='word_1_270' title='bbox 1105 4701 1132 4741; x_wconf 83' lang='lat' dir='ltr'>to</span> <span class='ocrx_word' id='word_1_271' title='bbox 1145 4691 1255 4742; x_wconf 85' lang='lat' dir='ltr'>Juvenal</span> <span class='ocrx_word' id='word_1_272' title='bbox 1276 4694 1330 4743; x_wconf 80' lang='lat' dir='ltr'>Sat.</span> <span class='ocrx_word' id='word_1_273' title='bbox 1349 4693 1384 4744; x_wconf 86' lang='lat' dir='ltr'>iii.</span> 
     </span>
     <span class='ocr_line' id='line_1_38' title="bbox 369 4769 973 4835; baseline -0.003 -15"><span class='ocrx_word' id='word_1_274' title='bbox 369 4771 381 4803; x_wconf 83' lang='lat'>⁸</span> <span class='ocrx_word' id='word_1_275' title='bbox 392 4771 528 4835; x_wconf 77' lang='lat' dir='ltr'>Probably,</span> <span class='ocrx_word' id='word_1_276' title='bbox 539 4785 571 4820; x_wconf 85' lang='lat' dir='ltr'>au</span> <span class='ocrx_word' id='word_1_277' title='bbox 582 4785 652 4820; x_wconf 83' lang='lat' dir='ltr'>error</span> <span class='ocrx_word' id='word_1_278' title='bbox 661 4769 702 4820; x_wconf 85' lang='lat' dir='ltr'>for</span> <span class='ocrx_word' id='word_1_279' title='bbox 714 4779 738 4818; x_wconf 83' lang='lat' dir='ltr'>et</span> <span class='ocrx_word' id='word_1_280' title='bbox 754 4785 839 4820; x_wconf 71' lang='lat' dir='ltr'>aaran</span> <span class='ocrx_word' id='word_1_281' title='bbox 887 4772 903 4819; x_wconf 92' lang='lat' dir='ltr'>l.</span> <span class='ocrx_word' id='word_1_282' title='bbox 917 4775 973 4819; x_wconf 76' lang='lat'>208.</span> 
     </span>
    </p>

    <p class='ocr_par' dir='ltr' id='par_1_21' title="bbox 336 4848 1175 4916">
     <span class='ocr_line' id='line_1_39' title="bbox 336 4848 1175 4916; baseline 0.002 -18"><span class='ocrx_word' id='word_1_283' title='bbox 336 4850 414 4916; x_wconf 80' lang='lat' dir='ltr'>pretio</span> <span class='ocrx_word' id='word_1_284' title='bbox 432 4849 615 4915; x_wconf 70' lang='lat' dir='ltr'>redemptionis:</span> <span class='ocrx_word' id='word_1_285' title='bbox 633 4865 675 4901; x_wconf 77' lang='lat' dir='ltr'>see</span> <span class='ocrx_word' id='word_1_286' title='bbox 686 4851 745 4901; x_wconf 72' lang='lat' dir='ltr'>vu.</span> <span class='ocrx_word' id='word_1_287' title='bbox 758 4849 840 4900; x_wconf 80' lang='lat' dir='ltr'>Maxi-</span> <span class='ocrx_word' id='word_1_288' title='bbox 921 4848 1071 4912; x_wconf 70' lang='lat' dir='ltr'>‘forincesis</span> <span class='ocrx_word' id='word_1_289' title='bbox 1082 4849 1107 4900; x_wconf 87' lang='lat' dir='ltr'>iu</span> <span class='ocrx_word' id='word_1_290' title='bbox 1118 4849 1175 4902; x_wconf 81' lang='lat' dir='ltr'>MS.</span> 
     </span>
    </p>
   </div>
   <div class='ocr_carea' id='block_1_10' title="bbox 0 0 1839 5842">
    <p class='ocr_par' dir='ltr' id='par_1_22' title="bbox 0 0 1839 5842">
     <span class='ocr_line' id='line_1_40' title="bbox 0 0 1839 5842; baseline 0 0"><span class='ocrx_word' id='word_1_291' title='bbox 0 0 1839 5842; x_wconf 95' lang='lat' dir='ltr'> </span> 
     </span>
    </p>
   </div>
  </div>
 </body>
</html>
