3588 5838
408 883 453 948 30
742 893 941 946 suolmsuu
962 891 1123 945 usnemu

240 1077 667 1166 s.n.1ns.“‘pscefasere,
696 1079 802 1158 nostri
831 1079 954 1146 favoris
986 1079 1193 1166 beneplacito
1227 1077 1460 1168 benignissime

408 1187 425 1216 “
449 1181 834 1270 ‘dignaremus-Nos,
863 1182 1055 1269 hujusmodi
1077 1181 1310 1270 supplicationi
1332 1181 1460 1248 favores

408 1291 427 1319 “
449 1285 584 1352 ‘biliter
606 1285 766 1362 inclinati,
792 1286 833 1352 de
857 1285 967 1374 gretie
989 1289 1106 1350 nostra
1130 1285 1270 1372 specisii,
1290 1283 1334 1350 ud
1356 1284 1458 1350 hono·

407 1393 426 1424 “
449 1394 542 1452 ‘rem
560 1386 624 1454 Dei
651 1392 686 1454 et
707 1388 857 1476 gloriosae
872 1387 1029 1476 Virginis,
1045 1387 1223 1454 Genitricis
1237 1387 1316 1475 ejus,
1333 1385 1457 1468 Merite,

407 1498 427 1526 “
449 1495 508 1556 ‘et
542 1491 585 1556 ob
618 1491 791 1578 speciedem
824 1491 1035 1557 devotionem
1070 1511 1172 1576 quem
1203 1490 1247 1556 sd
1277 1489 1456 1578 gloriosum

407 1600 425 1627 “
447 1601 456 1628 ‘
471 1591 775 1680 ¹Prot0mu1tyrem
801 1593 941 1681 Angliae,
955 1593 1133 1672 Albanum,
1149 1591 1295 1679 ejusdem
1310 1592 1373 1658 loci
1387 1614 1458 1680 spe-

408 1702 425 1731 “
449 1695 586 1762 ‘ciulem
606 1701 784 1782 patronum
807 1701 841 1762 et
860 1696 1068 1778 advocatum,
1082 1696 1227 1784 gerimus
1242 1702 1276 1762 et
1291 1694 1457 1775 hebemus,

408 1804 426 1834 “
450 1803 507 1864 ‘et
532 1799 717 1885 praesertim
743 1804 783 1864 ut
807 1799 908 1864 iidem
929 1820 1019 1864 nunc
1048 1799 1163 1864 Abbes
1195 1803 1230 1864 et
1263 1797 1457 1864 Conventus

407 1905 427 1936 ‘⁴
449 1901 595 1967 ‘divinis
625 1901 777 1978 servitiis,
808 1899 953 1968 crebrius
982 1905 1017 1968 et
1048 1901 1200 1968 devotius
1229 1900 1354 1966 ibidem
1376 1899 1457 1966 cele·

407 2007 426 2037 “
451 2003 609 2070 ‘brendis
630 2008 665 2070 et
684 2003 812 2085 fiendis,
837 2004 976 2090 eliisque
999 2003 1134 2090 pietatis
1160 2002 1313 2091 operibus
1332 2002 1456 2069 ibidem

408 2111 427 2140 “
450 2107 630 2172 ‘continue
650 2105 860 2191 exequendis,
882 2105 1054 2172 intendere
1078 2109 1112 2172 et
1138 2127 1263 2186 vacere,
1281 2109 1316 2172 et
1341 2104 1377 2170 in
1393 2105 1455 2170 Ec-

408 2213 426 2244 “
449 2208 571 2274 ‘clesie
597 2208 666 2274 sive
691 2209 797 2275 Domo
824 2229 885 2275 sue
910 2208 1069 2297 praedictc
1088 2209 1232 2274 securius
1254 2213 1290 2274 et
1311 2207 1456 2295 quietius

408 2318 425 2345 “
448 2314 671 2393 ‘commorari
693 2313 834 2392 vnlecnt,
856 2319 891 2379 et
916 2313 1055 2401 degere:
1081 2334 1120 2379 ee
1141 2333 1202 2399 pro
1225 2311 1342 2398 majori
1366 2333 1455 2378 secu-

406 2419 425 2449 “
449 2415 573 2482 ‘ritate
596 2415 761 2482 dictorum
787 2415 929 2482 Abbatis
953 2420 988 2482 et
1015 2413 1217 2492 Conventus,
1239 2418 1274 2481 et
1296 2435 1457 2496 successo·

408 2525 425 2552 “
448 2525 545 2582 ‘rum
580 2539 721 2598 suorum,
755 2539 883 2584 necnon
918 2518 961 2584 ed
997 2516 1228 2604 expellendum
1257 2521 1292 2582 et
1322 2517 1456 2584 omnino

407 2630 425 2658 “
447 2629 456 2656 ‘
471 2620 655 2700 delendum,
671 2625 706 2686 et
720 2618 972 2700 'amovendum
993 2641 1124 2686 omnem
1142 2619 1398 2708 ambiguitatem
1420 2623 1455 2686 et

407 2731 427 2759 ‘⁴
449 2722 727 2790 ‘controversiam
754 2745 830 2809 quae
855 2743 954 2810 super
976 2708 1187 2790 libertatibus
1214 2728 1248 2788 et
1272 2721 1455 2810 privilegiis

408 2831 426 2862 “
450 2825 648 2916 ‘praedictis
674 2831 812 2914 propter
836 2825 994 2913 praedicts
1020 2825 1180 2892 terminos
1205 2831 1241 2892 et
1269 2825 1371 2891 verbs
1399 2847 1455 2912 ge-

408 2937 424 2964 “
448 2928 608 3010 ‘nerulim
624 2927 760 2995 obscure
779 2932 814 2994 et
829 2928 958 3008 diffuse,
975 2927 1012 2993 in
1026 2923 1039 2966 ³
1052 2926 1178 2993 Cherts
1197 2927 1357 3014 praedicte
1370 2949 1453 3014 prse-

406 3041 424 3071 “
448 3040 456 3068 ‘
472 3033 553 3100 dicti
568 3031 790 3120 progenitoris
803 3032 918 3112 nostri,
934 3030 1074 3097 Henrici
1089 3028 1241 3109 Secundi,
1259 3029 1452 3117 specificata,

405 3146 423 3173 “
446 3142 529 3202 ‘eut
558 3135 731 3201 sinistrum
761 3133 968 3206 intellectum
998 3132 1067 3198 sive
1098 3131 1320 3198 voluntariam
1350 3133 1454 3200 inter·

406 3245 425 3276 “
448 3246 457 3276 ‘
471 3236 691 3326 pretationem
712 3235 896 3316 eorundem,
912 3239 1046 3322 possent
1060 3233 1200 3300 fortuito
1213 3233 1273 3337 ⁴in
1287 3241 1455 3322 posterum

407 3451 426 3480 «
449 3337 1455 3521 ‹tttwttttttptttttttsstt

407 3550 424 3582 “
447 3544 623 3622 ‘sedimus
649 3547 684 3608 et
707 3541 769 3608 bac
794 3540 942 3608 ³Obarts
965 3547 1079 3609 nostra
1094 3542 1368 3623 confirmavimus,
1393 3565 1452 3633 pro

406 3653 425 3685 “
448 3645 567 3713 ‘nobis
591 3651 626 3712 et
649 3643 836 3711 haeredibus
861 3645 992 3724 nostris,
1016 3651 1179 3731 quantum
1204 3647 1242 3711 in
1267 3646 1364 3714 nobis
1393 3653 1452 3728 est,

407 3761 425 3790 “
448 3761 456 3786 ‘
471 3749 560 3837 quod
574 3747 723 3836 praedicti
737 3746 852 3813 Abbes
866 3753 902 3814 et
916 3747 1117 3826 Conventus,
1133 3753 1168 3816 et
1182 3769 1379 3816 successores
1393 3751 1455 3831 sui,

405 3864 423 3892 “
448 3855 596 3920 ‘virtute
616 3855 652 3916 et
666 3855 833 3938 proetextu
848 3850 1014 3938 praedictus
1033 3849 1190 3918 whereas
1208 3852 1358 3939 prsedicti
1379 3876 1454 3943 pro-

407 3971 425 3997 “
447 3956 627 4048 ‘genitoris
662 3955 767 4022 nostri
803 3954 941 4020 Henrici
972 3953 1124 4035 Secundi,
1153 3960 1189 4022 et
1215 3956 1392 4024 verborum
1417 3959 1454 4024 in

406 4070 426 4100 “
449 4061 586 4130 ‘eedem
619 4062 860 4140 contentorum,
903 4055 964 4124 “in
997 4062 1192 4146 perpetuum
1227 4058 1372 4127 hebeent
1404 4083 1455 4128 re-

406 4170 425 4203 “
447 4170 604 4232 ‘tornum
634 4163 783 4228 omnium
814 4159 966 4226 brevium
999 4167 1196 4243 nostrorum,
1219 4161 1389 4229 hesredum
1420 4170 1456 4231 et

407 4275 424 4304 “
448 4275 691 4334 ‘successorum
714 4267 910 4340 nostrorum,
932 4265 967 4328 et
988 4261 1215 4330 executionem
1237 4262 1316 4330 inde
1336 4264 1456 4332 sscien·

406 4379 424 4408 “
448 4371 557 4449 ‘dem
572 4388 700 4436 necnon
721 4365 911 4432 omnimode
925 4363 1013 4430 bone
1031 4370 1065 4432 et
1087 4364 1207 4432 estella
1229 4367 1377 4434 omnium
1399 4369 1457 4436 ho-

1322 4553 1453 4564 --·--—...

440 4656 776 4714 ¹Prouonarerssinms.
987 4655 1262 4721 uspucminms.

439 4736 742 4792 ²‹rcscuooeudmninMS.
985 4733 1202 4789 ‘Cartoeinbffi

440 4817 650 4872 ’emamus
987 4813 1286 4880 ‘memmium
