3640 5842
434 905 497 968 386
768 917 965 968 nnorsrnnu
985 915 1143 967 usnemu

268 1111 336 1164 AD.
350 1101 705 1188 meoevibroturusque
748 1105 832 1168 esset
867 1102 904 1166 in
947 1101 1097 1189 proximo
1138 1101 1176 1165 in
1215 1099 1368 1187 partibus
1405 1097 1479 1165 istie

437 1201 583 1292 gladium
604 1202 749 1271 ultionis.

271 1327 404 1378 Anhower
481 1305 636 1372 Ostendit
665 1306 775 1384 etiem,
797 1304 948 1384 seeundo,
981 1305 1125 1392 deprope
1156 1324 1226 1383 nos,
1263 1304 1300 1369 in
1334 1303 1484 1390 partibus

270 1390 413 1511 ffipgss
439 1405 816 1495 Bedfordjae,1p1uviam
838 1408 1008 1474 casensem
1024 1408 1065 1474 ne
1080 1407 1171 1485 emo,
1187 1406 1238 1474 eu
1259 1405 1483 1494 stupentem,

271 1527 392 1580 ofblood.
441 1515 480 1575 ut
515 1511 696 1578 rubrienret
726 1515 761 1578 et
793 1512 973 1598 intingeret
1005 1531 1131 1598 pennos
1162 1515 1197 1576 et
1225 1514 1334 1576 vestes
1365 1509 1485 1596 plures,

441 1635 539 1679 censa
571 1614 795 1682 extimationis
827 1613 1007 1701 pendentes
1037 1613 1074 1678 in
1105 1610 1243 1691 ²h0rtis,
1272 1616 1485 1697 eoussretque

439 1715 648 1782 intuentibus
676 1715 927 1782 admirationem
956 1736 1025 1781 non
1054 1737 1200 1802 parvom,
1228 1714 1266 1780 in
1295 1713 1483 1782 evidentem

419 1818 748 1905 ‘eonjeeturetionem
770 1817 980 1907 sapientibus,
996 1817 1085 1904 quod
1107 1817 1269 1884 Dominus
1282 1816 1319 1882 in
1333 1817 1484 1904 proximo

440 1921 602 1988 effusurus
623 1927 709 1988 esset
730 1920 931 2009 sanguinem,
954 1925 1113 2008 tanquam
1134 1941 1263 2007 equom,
1283 1920 1320 1985 in
1345 1919 1486 1986 circuitu

441 2024 526 2090 einos
555 2021 724 2110 ³typieem
757 2029 903 2090 nostrum
940 2021 1147 2104 Jeruseiem3
1178 2023 1228 2088 ite
1254 2026 1303 2101 ut,
1333 2043 1392 2109 per
1416 2042 1484 2086 non

441 2148 580 2212 paucum
609 2131 748 2214 tempus,
770 2126 859 2192 inter
880 2125 1032 2192 viventes
1064 2125 1175 2191 nullus
1203 2125 1361 2192 inventus
1391 2127 1484 2203 esset,

441 2230 499 2315 qni
532 2229 707 2295 morticina
738 2229 916 2296 oeoisorum
947 2227 1083 2316 sepelire
1112 2227 1232 2294 vellet:
1264 2231 1299 2293 et
1328 2226 1483 2314 quemod-

441 2332 575 2398 modum
612 2331 703 2419 prius
733 2333 770 2397 in
809 2333 907 2399 verbo
944 2332 1150 2419 euspioetum
1185 2329 1302 2413 fueret,
1334 2331 1384 2396 ite
1417 2330 1484 2396 oito

441 2435 603 2520 posterius
624 2435 661 2499 in
681 2434 770 2500 fecto
792 2434 1012 2522 contingebat

273 2552 430 2606 A'threefolo
488 2536 644 2603 Ostendit
672 2537 807 2624 insuper
842 2538 945 2617 nobis,
976 2536 1086 2614 tertio,
1121 2536 1150 2602 si
1186 2535 1236 2602 fes
1272 2535 1318 2602 sit
1354 2533 1484 2602 medere

272 2635 419 2756 ffiffly·
444 2639 659 2726 reportationi
687 2641 774 2706 fietne
803 2663 824 2706 s
849 2639 980 2728 vuigoni
1008 2639 1138 2727 populo,
1160 2638 1261 2705 solem
1282 2637 1485 2725 triplicatum

443 2740 480 2806 in
504 2742 643 2819 nethere3
680 2742 718 2808 in
748 2747 980 2830 argumentum
1014 2740 1247 2823 conclusivum,
1279 2739 1368 2829 quod
1400 2741 1486 2807 siout

442 2850 511 2910 tres
534 2850 621 2924 sunt,
645 2845 703 2932 qui
718 2846 943 2912 testimonium
965 2846 1055 2932 paois
1078 2845 1161 2910 dent
1181 2844 1218 2909 in
1240 2844 1331 2926 ooelo,
1354 2843 1484 2925 seilicet,

442 2949 549 3028 Pater,
571 2947 754 3027 *Verbum
776 2953 810 3014 et
840 2947 986 3036 Spiritus
1017 2947 1167 3030 Sanetus,
1196 2948 1246 3012 ita
1279 2952 1347 3014 tres
1383 2947 1485 3014 etism

440 3054 519 3116 sunt
540 3052 577 3116 in
598 3051 704 3130 terris,
726 3050 889 3135 videlieet,
912 3053 993 3132 Rex,
1023 3051 1159 3138 Regino,
1190 3054 1225 3116 et
1253 3050 1332 3116 Dux
1361 3050 1485 3117 Eborer

441 3154 554 3232 oensis,
591 3154 650 3240 qui
686 3153 923 3220 ministrabunt
957 3154 995 3219 in
1030 3175 1133 3242 regno
1165 3153 1231 3220 isto
1261 3153 1298 3217 in
1334 3152 1485 3240 proximo

442 3255 616 3323 materiem
638 3257 708 3322 litis
730 3277 798 3322 non
820 3278 940 3343 parvae,
962 3277 1001 3322 oo
1023 3256 1124 3322 etiem
1146 3255 1410 3342 perturbationis

274 3367 425 3433 Thougnm
490 3357 765 3425 ⁶Memorendum
779 3360 920 3446 insuper,
935 3359 1043 3438 tertio,
1058 3358 1403 3445 rememorendnmque
1421 3358 1483 3424 ite-

275 3437 516 3547 memque,
538 3484 577 3528 ee
598 3461 699 3528 etiem
720 3462 964 3551 reportandum,
986 3467 1057 3528 tom
1078 3485 1099 3528 e
1114 3483 1189 3528 sene
1206 3483 1306 3549 quem
1320 3483 1341 3527 s
1350 3461 1485 3548 juvene,

275 3501 370 3566 quukee
381 3517 423 3552 are

274 3569 393 3644 mmmm
406 3568 541 3649 inquam
579 3564 679 3630 etiem
717 3588 737 3631 e
773 3565 867 3652 plebe
910 3567 1066 3632 universo
1108 3566 1146 3630 in
1189 3586 1290 3653 regno
1326 3564 1391 3631 isto
1427 3587 1487 3653 pro

274 3634 416 3766 ffiffffii,
442 3667 649 3756 sempiterno,
673 3669 834 3754 quomodo
857 3669 921 3735 etsi
949 3689 1157 3756 nequaquem
1178 3689 1265 3734 enno
1287 3667 1352 3735 isto
1373 3673 1486 3735 terrae·

274 3766 357 3884 iioffi
366 3833 416 3886 riso
440 3776 549 3837 motus
574 3771 716 3838 multum
738 3772 850 3861 magni
871 3772 909 3837 in
929 3784 1031 3860 regno
1052 3772 1185 3851 fuerint,
1207 3771 1352 3838 surrexit
1372 3774 1487 3836 tamen

273 3900 371 3965 minet
440 3895 521 3960 gens
550 3879 665 3941 eontra
685 3881 827 3963 gentem,
843 3880 879 3942 et
892 3897 1030 3962 regnum
1046 3881 1159 3942 oontre
1173 3895 1321 3964 regnum,
1334 3895 1483 3962 regnum,

273 3967 415 4088 ffigfflso‘ffm
440 3976 602 4058 videlieet,
628 3979 741 4044 Boreae
765 3983 879 4044 eontra
904 3999 1043 4066 regnum
1072 3976 1221 4058 “Austri
1244 3977 1487 4065 maximamque

440 4084 583 4168 stragem
605 4080 776 4148 hominum
798 4081 926 4146 vicibus
948 4081 1049 4148 veniis
1070 4081 1104 4145 in
1128 4101 1229 4168 regno
1251 4101 1430 4148 oeusovere

273 4182 391 4237 ‘stem
485 4182 595 4250 Primo
617 4183 758 4271 quidem,
781 4185 818 4249 in
848 4184 1001 4272 oonfliotu
1031 4183 1145 4251 habito
1174 4183 1264 4271 opud
1292 4184 1408 4250 villam
1444 4182 1486 4249 de

271 4253 374 4382 {me
440 4285 641 4366 Wakefelde,
661 4288 749 4352 infre
771 4286 975 4354 Comitatum
998 4287 1233 4354 Eboraoensem
1245 4310 1255 4367 3
1284 4287 1344 4352 ubi
1364 4286 1487 4353 oeoido-

471 4573 593 4627 ¹Hesrne
603 4576 676 4626 reads
687 4573 839 4642 “plum”
943 4591 945 4595 ’
1022 4572 1099 4625 ‘The
1114 4574 1170 4624 first
1188 4573 1261 4624 letter
1276 4572 1299 4624 is
1314 4571 1434 4635 omitted3
1459 4579 1487 4624 to

470 4653 656 4708 ²ortisirritdS.
989 4651 1370 4718 besuppliedinillnmimtion.

468 4733 694 4800 ’tipicaminMd
1023 4731 1191 4784 ‘Amnum
1203 4733 1259 4786 MS.

469 4811 480 4846 ⁴
496 4813 574 4866 Verbo
584 4816 611 4867 in
621 4817 679 4870 MS.
