<?xml version="1.0" encoding="UTF-8"?>
<!DOCTYPE html PUBLIC "-//W3C//DTD XHTML 1.0 Transitional//EN"
    "http://www.w3.org/TR/xhtml1/DTD/xhtml1-transitional.dtd">
<html xmlns="http://www.w3.org/1999/xhtml" xml:lang="en" lang="en">
 <head>
  <title>
</title>
<meta http-equiv="Content-Type" content="text/html;charset=utf-8" />
  <meta name='ocr-system' content='tesseract 3.04.00' />
  <meta name='ocr-capabilities' content='ocr_page ocr_carea ocr_par ocr_line ocrx_word'/>
</head>
<body>
  <div class='ocr_page' id='page_1' title='image "./registraquorund00wallgoog_0270.png"; bbox 0 0 3582 5838; ppageno 0'>
   <div class='ocr_carea' id='block_1_1' title="bbox 452 879 1163 942">
    <p class='ocr_par' dir='ltr' id='par_1_1' title="bbox 452 879 1163 942">
     <span class='ocr_line' id='line_1_1' title="bbox 452 879 1163 942; baseline -0.004 -1"><span class='ocrx_word' id='word_1_1' title='bbox 452 879 516 942; x_wconf 77' lang='lat'>212</span> <span class='ocrx_word' id='word_1_2' title='bbox 784 889 981 938; x_wconf 76' lang='lat' dir='ltr'>nnorsrnuu</span> <span class='ocrx_word' id='word_1_3' title='bbox 1004 887 1163 938; x_wconf 74' lang='lat' dir='ltr'>snnsrrn</span> 
     </span>
    </p>
   </div>
   <div class='ocr_carea' id='block_1_2' title="bbox 284 1071 1505 3516">
    <p class='ocr_par' dir='ltr' id='par_1_2' title="bbox 284 1071 1501 1570">
     <span class='ocr_line' id='line_1_2' title="bbox 284 1071 1501 1160; baseline -0.002 -22"><span class='ocrx_word' id='word_1_4' title='bbox 284 1074 682 1160; x_wconf 78' lang='lat' dir='ltr'>A.D.1rrc.praedictu1um</span> <span class='ocrx_word' id='word_1_5' title='bbox 705 1073 908 1140; x_wconf 72' lang='lat' dir='ltr'><strong>Litterarum</strong></span> <span class='ocrx_word' id='word_1_6' title='bbox 927 1072 1136 1152; x_wconf 59' lang='lat' dir='ltr'>Petentiumf</span> <span class='ocrx_word' id='word_1_7' title='bbox 1151 1071 1252 1152; x_wconf 88' lang='lat' dir='ltr'>dedit,</span> <span class='ocrx_word' id='word_1_8' title='bbox 1275 1071 1443 1148; x_wconf 83' lang='lat' dir='ltr'>concessit,</span> <span class='ocrx_word' id='word_1_9' title='bbox 1466 1075 1501 1135; x_wconf 84' lang='lat' dir='ltr'>et</span> 
     </span>
     <span class='ocr_line' id='line_1_3' title="bbox 452 1171 1500 1261; baseline -0.004 -21"><span class='ocrx_word' id='word_1_10' title='bbox 452 1175 588 1242; x_wconf 79' lang='lat' dir='ltr'>¹charte</span> <span class='ocrx_word' id='word_1_11' title='bbox 610 1197 670 1242; x_wconf 82' lang='lat' dir='ltr'>sue</span> <span class='ocrx_word' id='word_1_12' title='bbox 691 1174 906 1252; x_wconf 78' lang='lat' dir='ltr'>confirmavit,</span> <span class='ocrx_word' id='word_1_13' title='bbox 923 1175 1061 1261; x_wconf 83' lang='lat' dir='ltr'>praefato</span> <span class='ocrx_word' id='word_1_14' title='bbox 1083 1172 1238 1254; x_wconf 80' lang='lat' dir='ltr'>Johcnni,</span> <span class='ocrx_word' id='word_1_15' title='bbox 1262 1195 1350 1239; x_wconf 91' lang='lat' dir='ltr'>nunc</span> <span class='ocrx_word' id='word_1_16' title='bbox 1376 1171 1500 1239; x_wconf 82' lang='lat' dir='ltr'>Abbnti</span> 
     </span>
     <span class='ocr_line' id='line_1_4' title="bbox 453 1276 1501 1366; baseline -0.005 -22"><span class='ocrx_word' id='word_1_17' title='bbox 453 1279 645 1344; x_wconf 85' lang='lat' dir='ltr'>Monesterii</span> <span class='ocrx_word' id='word_1_18' title='bbox 667 1277 825 1366; x_wconf 84' lang='lat' dir='ltr'>praedicti‚</span> <span class='ocrx_word' id='word_1_19' title='bbox 849 1282 884 1342; x_wconf 89' lang='lat' dir='ltr'>et</span> <span class='ocrx_word' id='word_1_20' title='bbox 905 1277 1051 1364; x_wconf 88' lang='lat' dir='ltr'>ejusdem</span> <span class='ocrx_word' id='word_1_21' title='bbox 1073 1279 1136 1345; x_wconf 93' lang='lat' dir='ltr'>loci</span> <span class='ocrx_word' id='word_1_22' title='bbox 1166 1276 1366 1356; x_wconf 81' lang='lat' dir='ltr'>Conventui,</span> <span class='ocrx_word' id='word_1_23' title='bbox 1388 1296 1501 1340; x_wconf 82' lang='lat' dir='ltr'>mnne-</span> 
     </span>
     <span class='ocr_line' id='line_1_5' title="bbox 452 1379 1500 1469; baseline -0.004 -23"><span class='ocrx_word' id='word_1_24' title='bbox 452 1381 541 1446; x_wconf 88' lang='lat' dir='ltr'>rium</span> <span class='ocrx_word' id='word_1_25' title='bbox 562 1380 766 1469; x_wconf 71' lang='lat' dir='ltr'>praedictum,</span> <span class='ocrx_word' id='word_1_26' title='bbox 779 1401 853 1445; x_wconf 89' lang='lat' dir='ltr'>curn</span> <span class='ocrx_word' id='word_1_27' title='bbox 875 1380 1093 1466; x_wconf 88' lang='lat' dir='ltr'>pertinentiis,</span> <span class='ocrx_word' id='word_1_28' title='bbox 1117 1379 1306 1447; x_wconf 78' lang='lat' dir='ltr'>habendum</span> <span class='ocrx_word' id='word_1_29' title='bbox 1330 1382 1364 1444; x_wconf 86' lang='lat' dir='ltr'>et</span> <span class='ocrx_word' id='word_1_30' title='bbox 1385 1381 1500 1444; x_wconf 84' lang='lat' dir='ltr'>tenen-</span> 
     </span>
     <span class='ocr_line' id='line_1_6' title="bbox 454 1481 1330 1570; baseline -0.001 -21"><span class='ocrx_word' id='word_1_31' title='bbox 454 1484 533 1549; x_wconf 90' lang='lat' dir='ltr'>dum</span> <span class='ocrx_word' id='word_1_32' title='bbox 555 1483 675 1548; x_wconf 82' lang='lat' dir='ltr'>sibiet</span> <span class='ocrx_word' id='word_1_33' title='bbox 697 1481 933 1548; x_wconf 87' lang='lat' dir='ltr'>successoribus</span> <span class='ocrx_word' id='word_1_34' title='bbox 955 1482 1023 1548; x_wconf 91' lang='lat' dir='ltr'>suis</span> <span class='ocrx_word' id='word_1_35' title='bbox 1046 1481 1105 1548; x_wconf 74' lang='lat' dir='ltr'>²in</span> <span class='ocrx_word' id='word_1_36' title='bbox 1130 1488 1330 1570; x_wconf 88' lang='lat' dir='ltr'>perpetuum.</span> 
     </span>
    </p>

    <p class='ocr_par' dir='ltr' id='par_1_3' title="bbox 452 1582 1503 2081">
     <span class='ocr_line' id='line_1_7' title="bbox 497 1582 1501 1671; baseline -0.003 -21"><span class='ocrx_word' id='word_1_37' title='bbox 497 1585 631 1651; x_wconf 85' lang='lat' dir='ltr'>Virtute</span> <span class='ocrx_word' id='word_1_38' title='bbox 654 1584 746 1671; x_wconf 85' lang='lat' dir='ltr'>cnjus</span> <span class='ocrx_word' id='word_1_39' title='bbox 767 1583 848 1650; x_wconf 91' lang='lat' dir='ltr'>doni</span> <span class='ocrx_word' id='word_1_40' title='bbox 869 1583 958 1649; x_wconf 88' lang='lat' dir='ltr'>idem</span> <span class='ocrx_word' id='word_1_41' title='bbox 981 1606 1070 1650; x_wconf 88' lang='lat' dir='ltr'>nunc</span> <span class='ocrx_word' id='word_1_42' title='bbox 1092 1584 1207 1652; x_wconf 85' lang='lat' dir='ltr'>Abbes</span> <span class='ocrx_word' id='word_1_43' title='bbox 1229 1583 1295 1650; x_wconf 83' lang='lat' dir='ltr'>fnit</span> <span class='ocrx_word' id='word_1_44' title='bbox 1316 1583 1395 1649; x_wconf 88' lang='lat' dir='ltr'>inde</span> <span class='ocrx_word' id='word_1_45' title='bbox 1411 1582 1501 1649; x_wconf 81' lang='lat' dir='ltr'>scisi-</span> 
     </span>
     <span class='ocr_line' id='line_1_8' title="bbox 452 1685 1502 1773; baseline -0.005 -19"><span class='ocrx_word' id='word_1_46' title='bbox 452 1695 508 1755; x_wconf 90' lang='lat' dir='ltr'>tus</span> <span class='ocrx_word' id='word_1_47' title='bbox 528 1688 566 1752; x_wconf 93' lang='lat' dir='ltr'>in</span> <span class='ocrx_word' id='word_1_48' title='bbox 589 1687 752 1753; x_wconf 87' lang='lat' dir='ltr'>dominico</span> <span class='ocrx_word' id='word_1_49' title='bbox 774 1706 842 1765; x_wconf 85' lang='lat' dir='ltr'>suo,</span> <span class='ocrx_word' id='word_1_50' title='bbox 864 1691 904 1752; x_wconf 86' lang='lat' dir='ltr'>ut</span> <span class='ocrx_word' id='word_1_51' title='bbox 934 1686 975 1752; x_wconf 88' lang='lat' dir='ltr'>de</span> <span class='ocrx_word' id='word_1_52' title='bbox 1006 1685 1101 1753; x_wconf 88' lang='lat' dir='ltr'>feodo</span> <span class='ocrx_word' id='word_1_53' title='bbox 1136 1691 1170 1754; x_wconf 85' lang='lat' dir='ltr'>et</span> <span class='ocrx_word' id='word_1_54' title='bbox 1199 1686 1275 1773; x_wconf 89' lang='lat' dir='ltr'>jure</span> <span class='ocrx_word' id='word_1_55' title='bbox 1309 1685 1502 1752; x_wconf 76' lang='lat' dir='ltr'>monosterii</span> 
     </span>
     <span class='ocr_line' id='line_1_9' title="bbox 453 1789 1501 1879; baseline -0.005 -22"><span class='ocrx_word' id='word_1_56' title='bbox 453 1791 505 1857; x_wconf 87' lang='lat' dir='ltr'>sui</span> <span class='ocrx_word' id='word_1_57' title='bbox 534 1790 691 1879; x_wconf 72' lang='lat' dir='ltr'>praedicti,</span> <span class='ocrx_word' id='word_1_58' title='bbox 715 1811 885 1876; x_wconf 83' lang='lat' dir='ltr'>quousque</span> <span class='ocrx_word' id='word_1_59' title='bbox 914 1789 1091 1878; x_wconf 76' lang='lat' dir='ltr'>prtedictus</span> <span class='ocrx_word' id='word_1_60' title='bbox 1122 1791 1264 1856; x_wconf 82' lang='lat' dir='ltr'>Thomas</span> <span class='ocrx_word' id='word_1_61' title='bbox 1295 1789 1501 1865; x_wconf 82' lang='lat' dir='ltr'>Ohnrletone,</span> 
     </span>
     <span class='ocr_line' id='line_1_10' title="bbox 454 1891 1502 1980; baseline -0.002 -21"><span class='ocrx_word' id='word_1_62' title='bbox 454 1915 541 1960; x_wconf 90' lang='lat' dir='ltr'>nunc</span> <span class='ocrx_word' id='word_1_63' title='bbox 578 1893 762 1970; x_wconf 80' lang='lat' dir='ltr'>defendens,</span> <span class='ocrx_word' id='word_1_64' title='bbox 792 1893 900 1980; x_wconf 87' lang='lat' dir='ltr'>ipsum</span> <span class='ocrx_word' id='word_1_65' title='bbox 934 1891 1013 1958; x_wconf 90' lang='lat' dir='ltr'>inde</span> <span class='ocrx_word' id='word_1_66' title='bbox 1051 1893 1175 1978; x_wconf 89' lang='lat' dir='ltr'>injuste</span> <span class='ocrx_word' id='word_1_67' title='bbox 1208 1897 1242 1958; x_wconf 84' lang='lat' dir='ltr'>et</span> <span class='ocrx_word' id='word_1_68' title='bbox 1273 1891 1343 1957; x_wconf 89' lang='lat' dir='ltr'>sine</span> <span class='ocrx_word' id='word_1_69' title='bbox 1376 1891 1502 1978; x_wconf 90' lang='lat' dir='ltr'>judicio</span> 
     </span>
     <span class='ocr_line' id='line_1_11' title="bbox 456 1993 1503 2081; baseline 0 -21"><span class='ocrx_word' id='word_1_70' title='bbox 456 1995 656 2077; x_wconf 70' lang='lat' dir='ltr'>dieseisiretJ</span> <span class='ocrx_word' id='word_1_71' title='bbox 679 2001 712 2062; x_wconf 87' lang='lat' dir='ltr'>et</span> <span class='ocrx_word' id='word_1_72' title='bbox 735 1995 782 2061; x_wconf 89' lang='lat' dir='ltr'>sic</span> <span class='ocrx_word' id='word_1_73' title='bbox 803 1994 918 2062; x_wconf 89' lang='lat' dir='ltr'>dicunt</span> <span class='ocrx_word' id='word_1_74' title='bbox 937 1993 1024 2081; x_wconf 92' lang='lat' dir='ltr'>quod</span> <span class='ocrx_word' id='word_1_75' title='bbox 1047 1994 1137 2062; x_wconf 91' lang='lat' dir='ltr'>idem</span> <span class='ocrx_word' id='word_1_76' title='bbox 1159 2017 1247 2062; x_wconf 92' lang='lat' dir='ltr'>nunc</span> <span class='ocrx_word' id='word_1_77' title='bbox 1268 1994 1381 2060; x_wconf 86' lang='lat' dir='ltr'>Abbns</span> <span class='ocrx_word' id='word_1_78' title='bbox 1403 1995 1503 2060; x_wconf 78' lang='lat' dir='ltr'>habet</span> 
     </span>
    </p>

    <p class='ocr_par' dir='ltr' id='par_1_4' title="bbox 289 2097 1503 2192">
     <span class='ocr_line' id='line_1_12' title="bbox 289 2097 1503 2192; baseline -0.002 -26"><span class='ocrx_word' id='word_1_79' title='bbox 289 2115 344 2166; x_wconf 76' lang='lat' dir='ltr'>&#39;lue</span> <span class='ocrx_word' id='word_1_80' title='bbox 356 2111 445 2192; x_wconf 67' lang='grc' dir='ltr'>ῥεείιο</span> <span class='ocrx_word' id='word_1_81' title='bbox 452 2098 508 2184; x_wconf 90' lang='lat' dir='ltr'>jus</span> <span class='ocrx_word' id='word_1_82' title='bbox 522 2099 559 2164; x_wconf 93' lang='lat' dir='ltr'>in</span> <span class='ocrx_word' id='word_1_83' title='bbox 574 2098 720 2164; x_wconf 80' lang='lat' dir='ltr'>manerio</span> <span class='ocrx_word' id='word_1_84' title='bbox 735 2097 901 2184; x_wconf 81' lang='lat' dir='ltr'>praedict0,</span> <span class='ocrx_word' id='word_1_85' title='bbox 917 2097 953 2161; x_wconf 94' lang='lat' dir='ltr'>in</span> <span class='ocrx_word' id='word_1_86' title='bbox 976 2097 1083 2162; x_wconf 82' lang='lat' dir='ltr'>forma</span> <span class='ocrx_word' id='word_1_87' title='bbox 1105 2098 1270 2185; x_wconf 73' lang='lat' dir='ltr'>praedicte</span> <span class='ocrx_word' id='word_1_88' title='bbox 1319 2099 1366 2165; x_wconf 86' lang='lat' dir='ltr'>Et</span> <span class='ocrx_word' id='word_1_89' title='bbox 1387 2098 1503 2164; x_wconf 87' lang='lat' dir='ltr'>dicunt</span> 
     </span>
    </p>

    <p class='ocr_par' dir='ltr' id='par_1_5' title="bbox 287 2323 1503 2498">
     <span class='ocr_line' id='line_1_13' title="bbox 287 2323 1503 2498; baseline 0 -26"><span class='ocrx_word' id='word_1_90' title='bbox 287 2351 543 2498; x_wconf 45' lang='lat' dir='ltr'>fflffifi‘sstone,</span> <span class='ocrx_word' id='word_1_91' title='bbox 575 2426 665 2471; x_wconf 89' lang='lat' dir='ltr'>nunc</span> <span class='ocrx_word' id='word_1_92' title='bbox 694 2403 932 2484; x_wconf 72' lang='lat' dir='ltr'><strong>defendentem,</strong></span> <span class='ocrx_word' id='word_1_93' title='bbox 963 2323 1061 2491; x_wconf 67' lang='lat' dir='ltr'>sdper</span> <span class='ocrx_word' id='word_1_94' title='bbox 1089 2407 1335 2492; x_wconf 74' lang='lat' dir='ltr'>recuperatione</span> <span class='ocrx_word' id='word_1_95' title='bbox 1366 2407 1503 2473; x_wconf 76' lang='lat' dir='ltr'>manerii</span> 
     </span>
    </p>

    <p class='ocr_par' dir='ltr' id='par_1_6' title="bbox 289 2507 1457 2597">
     <span class='ocr_line' id='line_1_14' title="bbox 289 2507 1457 2597; baseline 0 -21"><span class='ocrx_word' id='word_1_96' title='bbox 289 2513 417 2564; x_wconf 64' lang='lat' dir='ltr'>colinton.</span> <span class='ocrx_word' id='word_1_97' title='bbox 457 2509 614 2596; x_wconf 75' lang='lat' dir='ltr'>praedicti,</span> <span class='ocrx_word' id='word_1_98' title='bbox 638 2511 753 2574; x_wconf 82' lang='lat' dir='ltr'>contro</span> <span class='ocrx_word' id='word_1_99' title='bbox 774 2507 913 2572; x_wconf 86' lang='lat' dir='ltr'>formem</span> <span class='ocrx_word' id='word_1_100' title='bbox 937 2507 1065 2573; x_wconf 82' lang='lat' dir='ltr'>Stetuti</span> <span class='ocrx_word' id='word_1_101' title='bbox 1087 2509 1245 2595; x_wconf 74' lang='lat' dir='ltr'>praedicti,</span> <span class='ocrx_word' id='word_1_102' title='bbox 1269 2509 1457 2597; x_wconf 85' lang='lat' dir='ltr'>praelocutn.</span> 
     </span>
    </p>

    <p class='ocr_par' dir='ltr' id='par_1_7' title="bbox 456 2611 1504 3202">
     <span class='ocr_line' id='line_1_15' title="bbox 502 2611 1503 2700; baseline 0.003 -24"><span class='ocrx_word' id='word_1_103' title='bbox 502 2611 582 2678; x_wconf 86' lang='lat' dir='ltr'>Ideo</span> <span class='ocrx_word' id='word_1_104' title='bbox 604 2631 791 2678; x_wconf 85' lang='lat' dir='ltr'>concessum</span> <span class='ocrx_word' id='word_1_105' title='bbox 813 2615 871 2687; x_wconf 88' lang='lat' dir='ltr'>est,</span> <span class='ocrx_word' id='word_1_106' title='bbox 887 2611 977 2695; x_wconf 91' lang='lat' dir='ltr'>quod</span> <span class='ocrx_word' id='word_1_107' title='bbox 998 2611 1176 2697; x_wconf 71' lang='lat' dir='ltr'>praedictus</span> <span class='ocrx_word' id='word_1_108' title='bbox 1198 2611 1313 2678; x_wconf 80' lang='lat' dir='ltr'>Abbes</span> <span class='ocrx_word' id='word_1_109' title='bbox 1335 2617 1503 2700; x_wconf 79' lang='lat' dir='ltr'>recuperet</span> 
     </span>
     <span class='ocr_line' id='line_1_16' title="bbox 456 2711 1504 2804; baseline 0.006 -26"><span class='ocrx_word' id='word_1_110' title='bbox 456 2713 610 2780; x_wconf 82' lang='lat' dir='ltr'>neieinnm</span> <span class='ocrx_word' id='word_1_111' title='bbox 641 2733 733 2778; x_wconf 84' lang='lat' dir='ltr'>suom</span> <span class='ocrx_word' id='word_1_112' title='bbox 758 2713 798 2778; x_wconf 87' lang='lat' dir='ltr'>de</span> <span class='ocrx_word' id='word_1_113' title='bbox 830 2711 986 2799; x_wconf 86' lang='lat' dir='ltr'>praedicto</span> <span class='ocrx_word' id='word_1_114' title='bbox 1008 2715 1163 2794; x_wconf 83' lang='lat' dir='ltr'>monerio,</span> <span class='ocrx_word' id='word_1_115' title='bbox 1185 2737 1257 2781; x_wconf 85' lang='lat' dir='ltr'>cum</span> <span class='ocrx_word' id='word_1_116' title='bbox 1289 2717 1504 2804; x_wconf 88' lang='lat' dir='ltr'>pertinentiis,</span> 
     </span>
     <span class='ocr_line' id='line_1_17' title="bbox 456 2813 1503 2907; baseline 0.004 -26"><span class='ocrx_word' id='word_1_117' title='bbox 456 2837 515 2904; x_wconf 88' lang='lat' dir='ltr'>per</span> <span class='ocrx_word' id='word_1_118' title='bbox 536 2816 644 2881; x_wconf 82' lang='lat' dir='ltr'>visum</span> <span class='ocrx_word' id='word_1_119' title='bbox 665 2813 896 2902; x_wconf 69' lang='lat' dir='ltr'>recognitionis</span> <span class='ocrx_word' id='word_1_120' title='bbox 918 2815 1041 2881; x_wconf 83' lang='lat' dir='ltr'>Assisoe</span> <span class='ocrx_word' id='word_1_121' title='bbox 1063 2817 1240 2903; x_wconf 83' lang='lat' dir='ltr'>praedictee,</span> <span class='ocrx_word' id='word_1_122' title='bbox 1256 2825 1291 2884; x_wconf 87' lang='lat' dir='ltr'>et</span> <span class='ocrx_word' id='word_1_123' title='bbox 1313 2815 1422 2884; x_wconf 79' lang='lat' dir='ltr'>³nihil</span> <span class='ocrx_word' id='word_1_124' title='bbox 1443 2843 1503 2907; x_wconf 90' lang='lat' dir='ltr'>pro</span> 
     </span>
     <span class='ocr_line' id='line_1_18' title="bbox 456 2915 1503 3008; baseline 0.008 -26"><span class='ocrx_word' id='word_1_125' title='bbox 456 2917 618 2996; x_wconf 69' lang='lat' dir='ltr'>‘demnis</span> <span class='ocrx_word' id='word_1_126' title='bbox 642 2938 701 3004; x_wconf 91' lang='lat' dir='ltr'>pro</span> <span class='ocrx_word' id='word_1_127' title='bbox 724 2938 762 2982; x_wconf 87' lang='lat' dir='ltr'>eo</span> <span class='ocrx_word' id='word_1_128' title='bbox 784 2916 873 3004; x_wconf 94' lang='lat' dir='ltr'>quod</span> <span class='ocrx_word' id='word_1_129' title='bbox 894 2915 981 2982; x_wconf 89' lang='lat' dir='ltr'>idem</span> <span class='ocrx_word' id='word_1_130' title='bbox 1004 2917 1118 2983; x_wconf 81' lang='lat' dir='ltr'>Abbos</span> <span class='ocrx_word' id='word_1_131' title='bbox 1141 2940 1181 2983; x_wconf 82' lang='lat' dir='ltr'>ee</span> <span class='ocrx_word' id='word_1_132' title='bbox 1202 2921 1351 3007; x_wconf 87' lang='lat' dir='ltr'>superius</span> <span class='ocrx_word' id='word_1_133' title='bbox 1366 2923 1503 3008; x_wconf 79' lang='lat' dir='ltr'>praefnto</span> 
     </span>
     <span class='ocr_line' id='line_1_19' title="bbox 456 3017 1503 3111; baseline 0.004 -25"><span class='ocrx_word' id='word_1_134' title='bbox 456 3019 590 3087; x_wconf 83' lang='lat' dir='ltr'>Thomae</span> <span class='ocrx_word' id='word_1_135' title='bbox 611 3018 818 3100; x_wconf 80' lang='lat' dir='ltr'>Oharletone,</span> <span class='ocrx_word' id='word_1_136' title='bbox 841 3039 929 3084; x_wconf 90' lang='lat' dir='ltr'>nunc</span> <span class='ocrx_word' id='word_1_137' title='bbox 952 3017 1148 3100; x_wconf 87' lang='lat' dir='ltr'>defendenti,</span> <span class='ocrx_word' id='word_1_138' title='bbox 1172 3023 1305 3090; x_wconf 84' lang='lat' dir='ltr'>remisit.</span> <span class='ocrx_word' id='word_1_139' title='bbox 1351 3025 1396 3089; x_wconf 85' lang='lat' dir='ltr'>Et</span> <span class='ocrx_word' id='word_1_140' title='bbox 1422 3047 1503 3111; x_wconf 80' lang='lat' dir='ltr'>prae-</span> 
     </span>
     <span class='ocr_line' id='line_1_20' title="bbox 457 3121 1504 3202; baseline 0.004 -14"><span class='ocrx_word' id='word_1_141' title='bbox 457 3123 564 3188; x_wconf 91' lang='lat' dir='ltr'>dictus</span> <span class='ocrx_word' id='word_1_142' title='bbox 586 3121 728 3187; x_wconf 77' lang='lat' dir='ltr'>Thomas</span> <span class='ocrx_word' id='word_1_143' title='bbox 755 3121 959 3199; x_wconf 81' lang='lat' dir='ltr'>Cherletone,</span> <span class='ocrx_word' id='word_1_144' title='bbox 986 3143 1074 3188; x_wconf 89' lang='lat' dir='ltr'>nunc</span> <span class='ocrx_word' id='word_1_145' title='bbox 1105 3122 1290 3202; x_wconf 85' lang='lat' dir='ltr'>defendens,</span> <span class='ocrx_word' id='word_1_146' title='bbox 1313 3124 1345 3190; x_wconf 92' lang='lat' dir='ltr'>in</span> <span class='ocrx_word' id='word_1_147' title='bbox 1378 3125 1504 3192; x_wconf 90' lang='lat' dir='ltr'>miseri-</span> 
     </span>
    </p>

    <p class='ocr_par' dir='ltr' id='par_1_8' title="bbox 363 3224 775 3304">
     <span class='ocr_line' id='line_1_21' title="bbox 363 3224 775 3304; baseline -0.005 -14"><span class='ocrx_word' id='word_1_148' title='bbox 363 3227 368 3234; x_wconf 86' lang='lat'>&#39;</span> <span class='ocrx_word' id='word_1_149' title='bbox 457 3224 576 3304; x_wconf 82' lang='lat' dir='ltr'>cordio,</span> <span class='ocrx_word' id='word_1_150' title='bbox 599 3229 629 3289; x_wconf 83' lang='lat' dir='ltr'>ct</span> <span class='ocrx_word' id='word_1_151' title='bbox 651 3229 775 3290; x_wconf 76' lang='lat' dir='ltr'>coetcru.</span> 
     </span>
    </p>

    <p class='ocr_par' dir='ltr' id='par_1_9' title="bbox 289 3324 1505 3413">
     <span class='ocr_line' id='line_1_22' title="bbox 289 3324 1505 3413; baseline 0.007 -22"><span class='ocrx_word' id='word_1_152' title='bbox 289 3338 407 3391; x_wconf 68' lang='lat' dir='ltr'>rhaeri-</span> <span class='ocrx_word' id='word_1_153' title='bbox 503 3324 612 3412; x_wconf 81' lang='lat' dir='ltr'>Oeptc</span> <span class='ocrx_word' id='word_1_154' title='bbox 626 3325 739 3390; x_wconf 85' lang='lat' dir='ltr'>Assise</span> <span class='ocrx_word' id='word_1_155' title='bbox 757 3324 855 3390; x_wconf 90' lang='lat' dir='ltr'>modo</span> <span class='ocrx_word' id='word_1_156' title='bbox 877 3324 973 3404; x_wconf 83' lang='lat' dir='ltr'>dicte,</span> <span class='ocrx_word' id='word_1_157' title='bbox 996 3331 1031 3390; x_wconf 86' lang='lat' dir='ltr'>et</span> <span class='ocrx_word' id='word_1_158' title='bbox 1052 3327 1250 3413; x_wconf 77' lang='lat' dir='ltr'>possessione</span> <span class='ocrx_word' id='word_1_159' title='bbox 1280 3331 1426 3410; x_wconf 76' lang='lat' dir='ltr'>manerii,</span> <span class='ocrx_word' id='word_1_160' title='bbox 1448 3353 1505 3398; x_wconf 84' lang='lat' dir='ltr'>ex-</span> 
     </span>
    </p>

    <p class='ocr_par' dir='ltr' id='par_1_10' title="bbox 290 3405 1505 3516">
     <span class='ocr_line' id='line_1_23' title="bbox 290 3405 1505 3516; baseline 0.011 -28"><span class='ocrx_word' id='word_1_161' title='bbox 290 3405 422 3457; x_wconf 65' lang='lat' dir='ltr'>d⁰⁰oe⁸⁰f</span> <span class='ocrx_word' id='word_1_162' title='bbox 458 3426 552 3512; x_wconf 86' lang='lat' dir='ltr'>pulso</span> <span class='ocrx_word' id='word_1_163' title='bbox 574 3425 688 3506; x_wconf 85' lang='lat' dir='ltr'>milite,</span> <span class='ocrx_word' id='word_1_164' title='bbox 712 3447 771 3512; x_wconf 89' lang='lat' dir='ltr'>pro</span> <span class='ocrx_word' id='word_1_165' title='bbox 793 3431 953 3513; x_wconf 89' lang='lat' dir='ltr'>perpetuo</span> <span class='ocrx_word' id='word_1_166' title='bbox 975 3434 1173 3516; x_wconf 78' lang='lat' dir='ltr'>recuperate,</span> <span class='ocrx_word' id='word_1_167' title='bbox 1195 3431 1345 3499; x_wconf 80' lang='lat' dir='ltr'>liberotae</span> <span class='ocrx_word' id='word_1_168' title='bbox 1369 3433 1505 3502; x_wconf 84' lang='lat' dir='ltr'>fuerunt</span> 
     </span>
    </p>
   </div>
   <div class='ocr_carea' id='block_1_3' title="bbox 288 3473 1504 3734">
    <p class='ocr_par' dir='ltr' id='par_1_11' title="bbox 288 3473 1504 3734">
     <span class='ocr_line' id='line_1_24' title="bbox 289 3473 1503 3624; baseline 0.008 -34"><span class='ocrx_word' id='word_1_169' title='bbox 289 3473 446 3590; x_wconf 54' lang='lat' dir='ltr'>men</span> <span class='ocrx_word' id='word_1_170' title='bbox 458 3532 493 3593; x_wconf 88' lang='lat' dir='ltr'>et</span> <span class='ocrx_word' id='word_1_171' title='bbox 514 3527 712 3593; x_wconf 80' lang='lat' dir='ltr'>introductos</span> <span class='ocrx_word' id='word_1_172' title='bbox 733 3527 923 3594; x_wconf 73' lang='lat' dir='ltr'>immediato</span> <span class='ocrx_word' id='word_1_173' title='bbox 944 3530 1115 3616; x_wconf 87' lang='lat' dir='ltr'>posterius,</span> <span class='ocrx_word' id='word_1_174' title='bbox 1130 3532 1216 3599; x_wconf 83' lang='lat' dir='ltr'>vict</span> <span class='ocrx_word' id='word_1_175' title='bbox 1231 3535 1344 3622; x_wconf 83' lang='lat' dir='ltr'>vigore</span> <span class='ocrx_word' id='word_1_176' title='bbox 1359 3535 1503 3624; x_wconf 84' lang='lat' dir='ltr'>ejusdem</span> 
     </span>
     <span class='ocr_line' id='line_1_25' title="bbox 288 3604 1504 3734; baseline 0.004 -36"><span class='ocrx_word' id='word_1_177' title='bbox 288 3604 430 3734; x_wconf 43' lang='lat' dir='ltr'>{affl</span> <span class='ocrx_word' id='word_1_178' title='bbox 458 3630 574 3716; x_wconf 81' lang='lat' dir='ltr'>praevii</span> <span class='ocrx_word' id='word_1_179' title='bbox 597 3634 768 3710; x_wconf 78' lang='lat' dir='ltr'>tractatus,</span> <span class='ocrx_word' id='word_1_180' title='bbox 791 3651 903 3697; x_wconf 88' lang='lat' dir='ltr'>omnes</span> <span class='ocrx_word' id='word_1_181' title='bbox 926 3631 992 3698; x_wconf 86' lang='lat' dir='ltr'>illae</span> <span class='ocrx_word' id='word_1_182' title='bbox 1013 3637 1188 3722; x_wconf 82' lang='lat' dir='ltr'>praetensoe</span> <span class='ocrx_word' id='word_1_183' title='bbox 1218 3636 1394 3706; x_wconf 84' lang='lat' dir='ltr'>evidentioe</span> <span class='ocrx_word' id='word_1_184' title='bbox 1423 3661 1504 3726; x_wconf 76' lang='lat' dir='ltr'>quas</span> 
     </span>
    </p>
   </div>
   <div class='ocr_carea' id='block_1_4' title="bbox 289 3732 1505 4230">
    <p class='ocr_par' dir='ltr' id='par_1_12' title="bbox 289 3732 1504 4031">
     <span class='ocr_line' id='line_1_26' title="bbox 289 3732 1504 3820; baseline 0.016 -32"><span class='ocrx_word' id='word_1_185' title='bbox 289 3738 418 3805; x_wconf 71' lang='lat' dir='ltr'>givenup.</span> <span class='ocrx_word' id='word_1_186' title='bbox 458 3754 518 3820; x_wconf 87' lang='lat' dir='ltr'>pro</span> <span class='ocrx_word' id='word_1_187' title='bbox 539 3753 599 3798; x_wconf 81' lang='lat' dir='ltr'>sua</span> <span class='ocrx_word' id='word_1_188' title='bbox 620 3737 714 3820; x_wconf 83' lang='lat' dir='ltr'>pnrte</span> <span class='ocrx_word' id='word_1_189' title='bbox 743 3732 887 3799; x_wconf 74' lang='lat' dir='ltr'>finxerat</span> <span class='ocrx_word' id='word_1_190' title='bbox 916 3733 1024 3800; x_wconf 88' lang='lat' dir='ltr'>dictus</span> <span class='ocrx_word' id='word_1_191' title='bbox 1054 3735 1146 3804; x_wconf 85' lang='lat' dir='ltr'>miles</span> <span class='ocrx_word' id='word_1_192' title='bbox 1175 3760 1210 3804; x_wconf 89' lang='lat' dir='ltr'>se</span> <span class='ocrx_word' id='word_1_193' title='bbox 1238 3739 1366 3810; x_wconf 82' lang='lat' dir='ltr'>hebere.</span> <span class='ocrx_word' id='word_1_194' title='bbox 1411 3743 1504 3810; x_wconf 86' lang='lat' dir='ltr'>Inter</span> 
     </span>
     <span class='ocr_line' id='line_1_27' title="bbox 458 3834 1503 3934; baseline 0.011 -33"><span class='ocrx_word' id='word_1_195' title='bbox 458 3857 540 3924; x_wconf 78' lang='lat' dir='ltr'>quas</span> <span class='ocrx_word' id='word_1_196' title='bbox 561 3835 632 3902; x_wconf 82' lang='lat' dir='ltr'>haec</span> <span class='ocrx_word' id='word_1_197' title='bbox 653 3857 728 3922; x_wconf 87' lang='lat' dir='ltr'>quae</span> <span class='ocrx_word' id='word_1_198' title='bbox 750 3834 804 3901; x_wconf 91' lang='lat' dir='ltr'>hic</span> <span class='ocrx_word' id='word_1_199' title='bbox 832 3837 1050 3924; x_wconf 88' lang='lat' dir='ltr'>subsequitur,</span> <span class='ocrx_word' id='word_1_200' title='bbox 1076 3846 1150 3906; x_wconf 79' lang='lat' dir='ltr'>erut</span> <span class='ocrx_word' id='word_1_201' title='bbox 1168 3862 1236 3907; x_wconf 79' lang='lat' dir='ltr'>uno</span> <span class='ocrx_word' id='word_1_202' title='bbox 1246 3867 1255 3923; x_wconf 92' lang='lat'>;</span> <span class='ocrx_word' id='word_1_203' title='bbox 1276 3848 1319 3924; x_wconf 85' lang='lat' dir='ltr'>et,</span> <span class='ocrx_word' id='word_1_204' title='bbox 1343 3845 1422 3912; x_wconf 86' lang='lat' dir='ltr'>licet</span> <span class='ocrx_word' id='word_1_205' title='bbox 1444 3868 1503 3934; x_wconf 89' lang='lat' dir='ltr'>pro</span> 
     </span>
     <span class='ocr_line' id='line_1_28' title="bbox 458 3937 1321 4031; baseline 0.01 -31"><span class='ocrx_word' id='word_1_206' title='bbox 458 3943 552 4025; x_wconf 75' lang='lat' dir='ltr'>perte</span> <span class='ocrx_word' id='word_1_207' title='bbox 574 3937 696 4004; x_wconf 80' lang='lat' dir='ltr'>faciens</span> <span class='ocrx_word' id='word_1_208' title='bbox 717 3938 889 4019; x_wconf 72' lang='lat' dir='ltr'>contrarie,</span> <span class='ocrx_word' id='word_1_209' title='bbox 913 3939 1056 4005; x_wconf 78' lang='lat' dir='ltr'>maxime</span> <span class='ocrx_word' id='word_1_210' title='bbox 1078 3942 1321 4031; x_wconf 62' lang='lat' dir='ltr'>principato.—</span> 
     </span>
    </p>

    <p class='ocr_par' dir='ltr' id='par_1_13' title="bbox 289 4037 1503 4155">
     <span class='ocr_line' id='line_1_29' title="bbox 289 4037 1503 4155; baseline 0.016 -53"><span class='ocrx_word' id='word_1_211' title='bbox 289 4037 425 4155; x_wconf 48' lang='lat' dir='ltr'>Aqlesffluf</span> <span class='ocrx_word' id='word_1_212' title='bbox 504 4048 521 4076; x_wconf 92' lang='lat'><strong>“</strong></span> <span class='ocrx_word' id='word_1_213' title='bbox 543 4038 734 4107; x_wconf 78' lang='lat' dir='ltr'>⁶Omnibus</span> <span class='ocrx_word' id='word_1_214' title='bbox 750 4039 874 4107; x_wconf 80' lang='lat' dir='ltr'>Christi</span> <span class='ocrx_word' id='word_1_215' title='bbox 896 4039 1050 4107; x_wconf 86' lang='lat' dir='ltr'>fidelibus</span> <span class='ocrx_word' id='word_1_216' title='bbox 1070 4043 1115 4108; x_wconf 80' lang='lat' dir='ltr'>ed</span> <span class='ocrx_word' id='word_1_217' title='bbox 1136 4065 1217 4130; x_wconf 86' lang='lat' dir='ltr'>quoe</span> <span class='ocrx_word' id='word_1_218' title='bbox 1239 4069 1384 4134; x_wconf 80' lang='lat' dir='ltr'>praesens</span> <span class='ocrx_word' id='word_1_219' title='bbox 1405 4052 1503 4140; x_wconf 87' lang='lat' dir='ltr'>scrip·</span> 
     </span>
    </p>

    <p class='ocr_par' dir='ltr' id='par_1_14' title="bbox 289 4121 1505 4230">
     <span class='ocr_line' id='line_1_30' title="bbox 289 4121 1505 4230; baseline 0.014 -26"><span class='ocrx_word' id='word_1_220' title='bbox 289 4121 421 4223; x_wconf 44' lang='lat' dir='ltr'>{emp</span> <span class='ocrx_word' id='word_1_221' title='bbox 459 4146 478 4178; x_wconf 86' lang='lat'><strong>“</strong></span> <span class='ocrx_word' id='word_1_222' title='bbox 501 4147 574 4208; x_wconf 91' lang='lat' dir='ltr'>tum</span> <span class='ocrx_word' id='word_1_223' title='bbox 596 4142 791 4230; x_wconf 84' lang='lat' dir='ltr'>pervenerit,</span> <span class='ocrx_word' id='word_1_224' title='bbox 809 4142 974 4208; x_wconf 79' lang='lat' dir='ltr'>Gerendus</span> <span class='ocrx_word' id='word_1_225' title='bbox 996 4143 1178 4229; x_wconf 78' lang='lat' dir='ltr'>Broybrok,</span> <span class='ocrx_word' id='word_1_226' title='bbox 1202 4147 1307 4230; x_wconf 86' lang='lat' dir='ltr'>Miles,</span> <span class='ocrx_word' id='word_1_227' title='bbox 1321 4151 1505 4221; x_wconf 87' lang='lat' dir='ltr'>Willelmus</span> 
     </span>
    </p>
   </div>
   <div class='ocr_carea' id='block_1_5' title="bbox 288 4236 1504 4344">
    <p class='ocr_par' dir='ltr' id='par_1_15' title="bbox 288 4236 1504 4344">
     <span class='ocr_line' id='line_1_31' title="bbox 288 4236 1504 4344; baseline 0.017 -40"><span class='ocrx_word' id='word_1_228' title='bbox 288 4236 391 4290; x_wconf 56' lang='grc' dir='ltr'>ΜΨ·</span> <span class='ocrx_word' id='word_1_229' title='bbox 461 4253 479 4280; x_wconf 89' lang='grc'><strong>“</strong></span> <span class='ocrx_word' id='word_1_230' title='bbox 501 4245 614 4325; x_wconf 83' lang='lat' dir='ltr'>Aeshe,</span> <span class='ocrx_word' id='word_1_231' title='bbox 640 4244 805 4310; x_wconf 84' lang='lat' dir='ltr'>Robertus</span> <span class='ocrx_word' id='word_1_232' title='bbox 827 4244 974 4325; x_wconf 82' lang='lat' dir='ltr'>Werner,</span> <span class='ocrx_word' id='word_1_233' title='bbox 988 4247 1115 4314; x_wconf 86' lang='lat' dir='ltr'>Alenus</span> <span class='ocrx_word' id='word_1_234' title='bbox 1138 4247 1286 4334; x_wconf 90' lang='lat' dir='ltr'>Wombe‚</span> <span class='ocrx_word' id='word_1_235' title='bbox 1302 4253 1504 4344; x_wconf 77' lang='lat' dir='ltr'>Capellenus,</span> 
     </span>
    </p>
   </div>
   <div class='ocr_carea' id='block_1_6' title="bbox 981 4445 1257 4455">
    <p class='ocr_par' dir='ltr' id='par_1_16' title="bbox 981 4445 1257 4455">
     <span class='ocr_line' id='line_1_32' title="bbox 981 4445 1257 4455; baseline 0.004 -4"><span class='ocrx_word' id='word_1_236' title='bbox 981 4445 1206 4454; x_wconf 73' lang='lat'><em>——----..—-</em></span> <span class='ocrx_word' id='word_1_237' title='bbox 1228 4451 1233 4454; x_wconf 90' lang='grc'><strong>,</strong></span> <span class='ocrx_word' id='word_1_238' title='bbox 1240 4451 1257 4455; x_wconf 79' lang='grc'>,-</span> 
     </span>
    </p>
   </div>
   <div class='ocr_carea' id='block_1_7' title="bbox 1260 4451 1505 4463">
    <p class='ocr_par' dir='ltr' id='par_1_17' title="bbox 1260 4451 1505 4463">
     <span class='ocr_line' id='line_1_33' title="bbox 1260 4451 1505 4463; baseline 0 0"><span class='ocrx_word' id='word_1_239' title='bbox 1260 4451 1505 4463; x_wconf 69' lang='lat'><strong>¹————-</strong></span> 
     </span>
    </p>
   </div>
   <div class='ocr_carea' id='block_1_8' title="bbox 491 4579 1506 4805">
    <p class='ocr_par' dir='ltr' id='par_1_18' title="bbox 491 4579 1506 4805">
     <span class='ocr_line' id='line_1_34' title="bbox 492 4579 1273 4650; baseline 0.009 -20"><span class='ocrx_word' id='word_1_240' title='bbox 492 4579 688 4632; x_wconf 76' lang='lat' dir='ltr'>¹ccr1cinMS.</span> <span class='ocrx_word' id='word_1_241' title='bbox 1034 4581 1273 4650; x_wconf 58' lang='lat' dir='ltr'>*daminus</span> 
     </span>
     <span class='ocr_line' id='line_1_35' title="bbox 491 4655 1506 4731; baseline 0.015 -22"><span class='ocrx_word' id='word_1_242' title='bbox 491 4655 685 4725; x_wconf 51' lang='lat' dir='ltr'>Humerum</span> <span class='ocrx_word' id='word_1_243' title='bbox 696 4659 721 4709; x_wconf 88' lang='lat' dir='ltr'>in</span> <span class='ocrx_word' id='word_1_244' title='bbox 733 4657 788 4711; x_wconf 80' lang='lat' dir='ltr'>MS.</span> <span class='ocrx_word' id='word_1_245' title='bbox 1034 4660 1420 4731; x_wconf 62' lang='lat' dir='ltr'>‘Tirefirstletterisomittedg</span> <span class='ocrx_word' id='word_1_246' title='bbox 1435 4671 1506 4726; x_wconf 72' lang='grc' dir='ltr'>ωδε</span> 
     </span>
     <span class='ocr_line' id='line_1_36' title="bbox 493 4737 1338 4805; baseline 0.011 -17"><span class='ocrx_word' id='word_1_247' title='bbox 493 4737 692 4790; x_wconf 77' lang='lat' dir='ltr'>³nictr&#39;linMS.</span> <span class='ocrx_word' id='word_1_248' title='bbox 1002 4740 1115 4805; x_wconf 82' lang='lat' dir='ltr'>supplied</span> <span class='ocrx_word' id='word_1_249' title='bbox 1125 4741 1153 4792; x_wconf 90' lang='lat' dir='ltr'>in</span> <span class='ocrx_word' id='word_1_250' title='bbox 1164 4743 1338 4800; x_wconf 76' lang='lat' dir='ltr'>urnmnnuon</span> 
     </span>
    </p>
   </div>
   <div class='ocr_carea' id='block_1_9' title="bbox 0 0 1801 5838">
    <p class='ocr_par' dir='ltr' id='par_1_19' title="bbox 0 0 1801 5838">
     <span class='ocr_line' id='line_1_37' title="bbox 0 0 1801 5838; baseline 0 0"><span class='ocrx_word' id='word_1_251' title='bbox 0 0 1801 5838; x_wconf 95' lang='lat' dir='ltr'> </span> 
     </span>
    </p>
   </div>
  </div>
 </body>
</html>
