3588 5838
356 879 365 902 ’
485 916 657 967 consume
680 913 966 966 wnmnausrnnn
988 913 1165 963 ssctrunrs.
1311 880 1351 960 '15

307 1109 325 1139 “
350 1105 490 1191 Peyton,
515 1105 691 1172 Doctorem
720 1105 757 1169 in
787 1103 945 1181 Decretis,
976 1099 1180 1168 constitutio
1210 1096 1352 1166 concilii
1365 1106 1433 1159 nn.
1447 1111 1519 1158 uer.

307 1216 326 1244 “
351 1207 523 1273 Gener-aslis
546 1229 620 1295 quae
645 1207 827 1294 incipit,-‘
837 1205 925 1286 Quia
946 1203 1097 1292 proptor,’
1115 1224 1173 1291 per
1196 1202 1352 1268 eundem·

307 1319 326 1344 ‘⁴
350 1331 415 1397 que
428 1309 615 1376 Jobannem
630 1310 788 1398 exposita,
802 1331 870 1375 una
884 1330 959 1374 eum
973 1308 1076 1373 variis
1091 1307 1155 1372 viis
1175 1305 1351 1382 electionis,

308 1421 326 1448 “
350 1415 494 1500 satisque
517 1413 683 1478 ¹diluoide
706 1413 879 1479 declarata.
925 1411 1000 1492 Qua
1014 1409 1232 1476 declaratione
1247 1408 1354 1488 finita,

306 1521 325 1550 “
350 1517 474 1593 statim,
491 1520 525 1582 et
538 1515 633 1602 quasi
646 1515 836 1581 immediate
850 1513 1024 1602 posterius,
1041 1511 1222 1578 assurrexit
1237 1511 1355 1576 Frater

309 1625 328 1654 “
350 1617 536 1684 Willelmus
567 1617 690 1698 Albon,
728 1617 822 1682 Prior
859 1615 977 1696 dictus,
1016 1613 1277 1700 loquebaturque
1317 1612 1355 1677 in

309 1729 328 1756 “
351 1725 473 1807 operto,
506 1721 556 1786 ita
585 1720 698 1787 dicens
712 1728 773 1801 ;··⁴
786 1719 866 1807 Ego,
893 1719 1011 1784 Frater
1033 1716 1228 1797 Willelmus,
1259 1715 1354 1780 Prior

308 1830 327 1858 ‘⁴
350 1824 466 1890 ‘istius
480 1823 680 1901 monasterii,
692 1829 727 1889 et
739 1822 949 1910 Praepositue,
965 1820 1111 1902 nomino,
1124 1820 1217 1907 eligo,
1232 1823 1267 1884 et
1280 1838 1355 1904 pro-

307 1933 326 1960 “
349 1926 497 2003 ‘nuncio
513 1927 664 1991 Fratrem
678 1925 866 1992 dobannem
882 1923 1163 2002 Whethamstede,
1179 1923 1355 2008 Doctorem

309 2036 326 2064 “
351 2029 408 2093 ‘in
429 2028 615 2116 Theologia,
630 2029 684 2095 hic
704 2034 910 2116 praesentem,
925 2029 963 2092 in
977 2034 1115 2115 patrem,
1129 2030 1304 2112 pastorem,
1320 2029 1354 2090 et

310 2137 326 2166 “
349 2120 542 2213 ‘Abbatem
564 2132 662 2198 istius
683 2132 827 2198 ecclesis
844 2133 914 2218 jam
937 2129 1106 2198 futurum?
1152 2129 1233 2194 Post
1255 2149 1354 2214 quam

308 2235 482 2319 “quidem
519 2235 838 2322 pronunciationem,
877 2256 951 2300 cum
992 2233 1103 2298 nullus
1146 2232 1356 2297 reclamasset

307 2342 326 2371 “
349 2337 495 2423 penitus,
521 2338 664 2402 surrexit
695 2337 821 2403 Cantor
850 2337 1012 2423 protinus,
1043 2335 1251 2422 incipereque
1279 2354 1355 2420 pro-

309 2439 469 2525 “posuit
500 2461 561 2525 pro
590 2444 660 2504 tam
682 2445 779 2526 grata
801 2439 1020 2526 expeditione,
1043 2437 1296 2525 ”Hymen-2
1310 2436 1355 2501 Te

309 2549 326 2574 “
351 2541 484 2607 ‘Deum
505 2542 679 2608 laudamus
693 2541 716 2623 3'
745 2543 902 2608 Doctores
932 2547 1044 2608 tamen
1067 2547 1147 2607 tunc
1169 2545 1354 2629 praesentee,

310 2649 329 2678 “
352 2648 387 2708 et
417 2645 565 2730 regimen
597 2644 767 2710 electionis
801 2643 968 2722 habentes,
1000 2643 1163 2724 videlicet,
1197 2643 1357 2729 Magister

311 2753 329 2778 “
350 2745 520 2811 lohannes
548 2745 669 2812 Stokes
698 2751 733 2811 et
762 2746 924 2834 Magister
954 2747 1120 2812 Rcbertus
1151 2745 1355 2831 Stillington,

310 2847 507 2914 “Doctores
533 2848 570 2913 in
595 2848 679 2914 Jure
709 2847 820 2929 civili,
852 2871 919 2914 non
953 2849 1171 2937 permiserunt
1204 2870 1279 2914 cum
1311 2849 1357 2914 sic

312 2955 330 2984 “
351 2949 465 3030 fecere,
489 2949 621 3031 ³immo,
639 2951 810 3037 jusserunt
832 2951 958 3017 duobus
981 2951 1140 3028 Notariie,
1164 2958 1246 3016 tunc
1274 2971 1357 3038 prae-
1419 3017 1420 3022 ,

313 3057 332 3086 “
353 3053 514 3135 sentibus,
528 3055 665 3120 circuire
687 3055 780 3141 prius
794 3077 853 3142 per
866 3059 1039 3140 utramque
1055 3057 1182 3141 partem
1199 3053 1355 3141 Capituli,

309 3161 329 3190 “
352 3177 561 3244 quaerereque
583 3181 605 3224 a
625 3157 723 3225 nobis
746 3159 898 3225 omnibus
918 3156 1148 3236 confratribus,
1170 3158 1208 3224 in
1229 3179 1356 3244 genere,

311 3266 328 3293 “
350 3280 449 3344 quem
460 3261 619 3326 vellemus
633 3282 695 3327 nos
708 3261 745 3325 in
759 3268 887 3349 patrem
899 3266 935 3327 et
944 3266 1108 3349 pastorem
1119 3261 1215 3327 nobis
1229 3261 1357 3330 habere.

312 3367 329 3394 “
352 3360 503 3448 (tumque
532 3363 811 3450 respondissemus
841 3365 1044 3431 concorditer
1069 3385 1190 3442 omnes,
1221 3364 1359 3430 dixisse·

312 3467 332 3497 “
354 3485 501 3550 musque,
520 3465 614 3532 nullo
635 3467 768 3554 penitus
791 3472 851 3532 out
864 3488 951 3547 voce,
975 3472 1035 3534 aut
1057 3469 1164 3548 vultu,
1180 3472 1241 3533 aut
1254 3469 1357 3556 signo,

314 3573 330 3596 “
352 3570 412 3632 aut
426 3572 522 3646 nutu,
530 3568 736 3646 reclamante,
753 3567 951 3656 Magistrum
960 3568 986 3633 J
986 3570 1150 3636 ohannem
1164 3570 1358 3636 Wbetham-

314 3675 330 3700 “
353 3669 452 3748 stede,
470 3670 641 3756 jusserunt
664 3671 821 3737 Doctores
851 3672 932 3738 dicti
962 3673 1113 3761 protinus
1143 3673 1287 3752 (lauteri,
1318 3680 1358 3739 ut

313 3776 333 3804 “
354 3777 547 3859 esecugeret
570 3771 833 3860 ⁴Hymnumque
864 3774 931 3840 ‘Te
955 3775 1062 3841 Deum
1088 3775 1276 3855 laudamus'
1299 3799 1358 3863 pro

314 3879 330 3902 “
352 3877 421 3936 tam
437 3879 533 3959 grata
547 3875 766 3962 expeditione,
780 3874 952 3942 Altissimo
968 3877 1166 3944 decantaret.
1198 3877 1273 3958 Quo
1287 3899 1358 3943 sur·

314 3981 330 4008 “
352 3979 459 4060 gente,
472 3981 507 4042 et
521 3976 719 4043 decantante
735 3975 933 4064 ”Hymnum
945 3978 1079 4059 dictum,
1090 3981 1160 4046 sive
1174 3981 1358 4067 incipiente,

314 4083 557 4144 “accesserunt
586 4079 629 4144 ad
657 4079 834 4167 praefatum
865 4081 1004 4146 electum
1035 4067 1220 4148 Willelmus
1242 4083 1359 4162 Albon,

313 4177 448 4244 “Prior
481 4180 673 4246 Monaeterii
706 4182 900 4262 antedictus,
934 4194 968 4250 et
999 4183 1167 4250 lohannes
1200 4186 1360 4274 Langton‚

314 4289 331 4314 “
352 4279 447 4348 Prior
462 4282 504 4349 de
518 4283 730 4369 Pynemutba
746 4285 1014 4371 praenominatus,
1030 4287 1261 4374 duxeruntque
1276 4309 1360 4370 eum,

312 4391 330 4418 “
353 4384 538 4470 plorantem
554 4392 590 4452 et
603 4386 770 4474 lacrymae
788 4389 831 4454 ab
855 4388 956 4454 oculis
978 4389 1178 4456 incessanter
1191 4391 1360 4458 effimden-

314 4493 331 4519 “
352 4490 431 4564 tem,
454 4509 513 4574 per
535 4489 723 4568 claustrum,
739 4490 914 4568 ecclesiam,
933 4496 969 4556 et
990 4491 1135 4570 chorum,
1157 4493 1361 4580 praecedente
1381 4577 1389 4592 ο

352 4753 359 4786 ¹
370 4753 476 4804 delucide
488 4755 515 4804 in
525 4755 583 4806 MS.
835 4765 841 4851 Ι
891 4757 965 4821 Βρμιιο
976 4758 1003 4807 ln
1015 4759 1071 4810 MS.

351 4832 363 4864 ²
378 4831 479 4883 Ymnurr
489 4833 517 4883 in
527 4835 584 4886 MS.
834 4856 839 4901 q
888 4839 898 4869 ⁴
916 4837 1064 4903 Ymnumque
1073 4837 1099 4890 in
1111 4840 1166 4892 ΜΒ.
1237 4835 1247 4852 “
