<?xml version="1.0" encoding="UTF-8"?>
<!DOCTYPE html PUBLIC "-//W3C//DTD XHTML 1.0 Transitional//EN"
    "http://www.w3.org/TR/xhtml1/DTD/xhtml1-transitional.dtd">
<html xmlns="http://www.w3.org/1999/xhtml" xml:lang="en" lang="en">
 <head>
  <title>
</title>
<meta http-equiv="Content-Type" content="text/html;charset=utf-8" />
  <meta name='ocr-system' content='tesseract 3.04.00' />
  <meta name='ocr-capabilities' content='ocr_page ocr_carea ocr_par ocr_line ocrx_word'/>
</head>
<body>
  <div class='ocr_page' id='page_1' title='image "./registraquorund00wallgoog_0129.png"; bbox 0 0 3588 5838; ppageno 0'>
   <div class='ocr_carea' id='block_1_1' title="bbox 449 879 1343 982">
    <p class='ocr_par' dir='ltr' id='par_1_1' title="bbox 449 879 1343 982">
     <span class='ocr_line' id='line_1_1' title="bbox 449 879 1343 982; baseline 0.006 -45"><span class='ocrx_word' id='word_1_1' title='bbox 449 966 452 982; x_wconf 43' lang='grc' dir='ltr'>Ι</span> <span class='ocrx_word' id='word_1_2' title='bbox 484 886 660 940; x_wconf 73' lang='lat' dir='ltr'><strong>tonsurus</strong></span> <span class='ocrx_word' id='word_1_3' title='bbox 683 887 969 942; x_wconf 68' lang='lat' dir='ltr'><strong>mmmmm</strong></span> <span class='ocrx_word' id='word_1_4' title='bbox 990 891 1167 941; x_wconf 78' lang='lat' dir='ltr'><strong>sueonum.</strong></span> <span class='ocrx_word' id='word_1_5' title='bbox 1303 879 1343 948; x_wconf 89' lang='lat'><strong>71</strong></span> 
     </span>
    </p>
   </div>
   <div class='ocr_carea' id='block_1_2' title="bbox 167 1073 1507 4747">
    <p class='ocr_par' dir='ltr' id='par_1_2' title="bbox 167 1073 1507 3419">
     <span class='ocr_line' id='line_1_2' title="bbox 299 1073 1507 1162; baseline -0.002 -23"><span class='ocrx_word' id='word_1_6' title='bbox 299 1079 320 1108; x_wconf 93' lang='lat'><strong>“</strong></span> <span class='ocrx_word' id='word_1_7' title='bbox 344 1073 603 1142; x_wconf 72' lang='lat' dir='ltr'><strong>concessionibus</strong></span> <span class='ocrx_word' id='word_1_8' title='bbox 617 1073 754 1162; x_wconf 85' lang='lat' dir='ltr'><strong>nlicujus</strong></span> <span class='ocrx_word' id='word_1_9' title='bbox 777 1073 919 1153; x_wconf 80' lang='lat' dir='ltr'><strong>decimae,</strong></span> <span class='ocrx_word' id='word_1_10' title='bbox 942 1079 976 1141; x_wconf 88' lang='lat' dir='ltr'><strong>ct</strong></span> <span class='ocrx_word' id='word_1_11' title='bbox 990 1073 1180 1141; x_wconf 75' lang='lat' dir='ltr'><strong>medietatis</strong></span> <span class='ocrx_word' id='word_1_12' title='bbox 1200 1076 1345 1160; x_wconf 66' lang='lat' dir='ltr'><strong>decimet,</strong></span> <span class='ocrx_word' id='word_1_13' title='bbox 1357 1083 1425 1142; x_wconf 65' lang='lat' dir='ltr'><strong>Aa).</strong></span> <span class='ocrx_word' id='word_1_14' title='bbox 1436 1087 1507 1138; x_wconf 76' lang='lat'>1451.</span> 
     </span>
     <span class='ocr_line' id='line_1_3' title="bbox 301 1175 1345 1266; baseline 0.005 -25"><span class='ocrx_word' id='word_1_15' title='bbox 301 1182 319 1210; x_wconf 89' lang='lat'><strong>“</strong></span> <span class='ocrx_word' id='word_1_16' title='bbox 342 1175 447 1254; x_wconf 90' lang='lat' dir='ltr'><strong>nobis,</strong></span> <span class='ocrx_word' id='word_1_17' title='bbox 476 1197 535 1242; x_wconf 91' lang='lat' dir='ltr'><strong>seu</strong></span> <span class='ocrx_word' id='word_1_18' title='bbox 571 1177 668 1244; x_wconf 73' lang='lat' dir='ltr'><strong>alicui</strong></span> <span class='ocrx_word' id='word_1_19' title='bbox 694 1176 863 1244; x_wconf 85' lang='lat' dir='ltr'><strong>haeredum</strong></span> <span class='ocrx_word' id='word_1_20' title='bbox 893 1181 1090 1257; x_wconf 86' lang='lat' dir='ltr'><strong>nostrorum,</strong></span> <span class='ocrx_word' id='word_1_21' title='bbox 1124 1199 1183 1266; x_wconf 88' lang='lat' dir='ltr'><strong>per</strong></span> <span class='ocrx_word' id='word_1_22' title='bbox 1212 1177 1345 1246; x_wconf 77' lang='lat' dir='ltr'><strong>olerum</strong></span> 
     </span>
     <span class='ocr_line' id='line_1_4' title="bbox 300 1278 1345 1369; baseline 0.006 -27"><span class='ocrx_word' id='word_1_23' title='bbox 300 1285 317 1313; x_wconf 90' lang='lat'>“</span> <span class='ocrx_word' id='word_1_24' title='bbox 339 1278 434 1366; x_wconf 88' lang='lat' dir='ltr'><strong>regni</strong></span> <span class='ocrx_word' id='word_1_25' title='bbox 454 1280 559 1346; x_wconf 88' lang='lat' dir='ltr'><strong>nostri</strong></span> <span class='ocrx_word' id='word_1_26' title='bbox 573 1279 705 1368; x_wconf 81' lang='lat' dir='ltr'><strong>Angliae</strong></span> <span class='ocrx_word' id='word_1_27' title='bbox 726 1280 878 1359; x_wconf 87' lang='lat' dir='ltr'><strong>fiendam,</strong></span> <span class='ocrx_word' id='word_1_28' title='bbox 902 1301 960 1345; x_wconf 90' lang='lat' dir='ltr'><strong>seu</strong></span> <span class='ocrx_word' id='word_1_29' title='bbox 982 1279 1229 1364; x_wconf 73' lang='lat' dir='ltr'><strong>concedendam,</strong></span> <span class='ocrx_word' id='word_1_30' title='bbox 1245 1302 1345 1369; x_wconf 83' lang='lat' dir='ltr'><strong>prox-</strong></span> 
     </span>
     <span class='ocr_line' id='line_1_5' title="bbox 297 1381 1342 1469; baseline 0.004 -23"><span class='ocrx_word' id='word_1_31' title='bbox 297 1387 314 1416; x_wconf 87' lang='lat'>“</span> <span class='ocrx_word' id='word_1_32' title='bbox 338 1381 413 1462; x_wconf 90' lang='lat' dir='ltr'><strong>imo,</strong></span> <span class='ocrx_word' id='word_1_33' title='bbox 429 1382 498 1447; x_wconf 90' lang='lat' dir='ltr'><strong>sint</strong></span> <span class='ocrx_word' id='word_1_34' title='bbox 521 1381 625 1469; x_wconf 78' lang='lat' dir='ltr'><strong>quieti</strong></span> <span class='ocrx_word' id='word_1_35' title='bbox 648 1387 683 1449; x_wconf 86' lang='lat' dir='ltr'><strong>et</strong></span> <span class='ocrx_word' id='word_1_36' title='bbox 704 1382 875 1450; x_wconf 86' lang='lat' dir='ltr'><strong>exonerati</strong></span> <span class='ocrx_word' id='word_1_37' title='bbox 897 1403 976 1468; x_wconf 84' lang='lat' dir='ltr'><strong>erga</strong></span> <span class='ocrx_word' id='word_1_38' title='bbox 996 1403 1067 1460; x_wconf 92' lang='lat' dir='ltr'><strong>nos,</strong></span> <span class='ocrx_word' id='word_1_39' title='bbox 1082 1386 1116 1448; x_wconf 88' lang='lat' dir='ltr'><strong>et</strong></span> <span class='ocrx_word' id='word_1_40' title='bbox 1131 1384 1261 1448; x_wconf 87' lang='lat' dir='ltr'><strong>eosdem</strong></span> <span class='ocrx_word' id='word_1_41' title='bbox 1275 1383 1342 1451; x_wconf 81' lang='lat' dir='ltr'><strong>hae-</strong></span> 
     </span>
     <span class='ocr_line' id='line_1_6' title="bbox 299 1483 1343 1572; baseline 0.004 -23"><span class='ocrx_word' id='word_1_42' title='bbox 299 1487 317 1518; x_wconf 92' lang='lat'><strong><em>“</em></strong></span> <span class='ocrx_word' id='word_1_43' title='bbox 339 1483 433 1550; x_wconf 87' lang='lat' dir='ltr'><strong>redes</strong></span> <span class='ocrx_word' id='word_1_44' title='bbox 455 1490 591 1565; x_wconf 90' lang='lat' dir='ltr'><strong>nostros,</strong></span> <span class='ocrx_word' id='word_1_45' title='bbox 614 1484 655 1552; x_wconf 88' lang='lat' dir='ltr'><strong>de</strong></span> <span class='ocrx_word' id='word_1_46' title='bbox 677 1485 801 1572; x_wconf 87' lang='lat' dir='ltr'><strong>viginti</strong></span> <span class='ocrx_word' id='word_1_47' title='bbox 823 1483 918 1550; x_wconf 90' lang='lat' dir='ltr'><strong>libris</strong></span> <span class='ocrx_word' id='word_1_48' title='bbox 942 1485 982 1552; x_wconf 91' lang='lat' dir='ltr'><strong>de</strong></span> <span class='ocrx_word' id='word_1_49' title='bbox 1005 1483 1194 1570; x_wconf 79' lang='lat' dir='ltr'><strong>hujusmodi</strong></span> <span class='ocrx_word' id='word_1_50' title='bbox 1210 1485 1343 1564; x_wconf 89' lang='lat' dir='ltr'><strong>decima,</strong></span> 
     </span>
     <span class='ocr_line' id='line_1_7' title="bbox 298 1585 1344 1676; baseline 0.003 -25"><span class='ocrx_word' id='word_1_51' title='bbox 298 1593 316 1620; x_wconf 90' lang='lat'><em>“</em></span> <span class='ocrx_word' id='word_1_52' title='bbox 339 1589 374 1651; x_wconf 89' lang='lat' dir='ltr'><strong>et</strong></span> <span class='ocrx_word' id='word_1_53' title='bbox 387 1586 498 1652; x_wconf 88' lang='lat' dir='ltr'><strong>decem</strong></span> <span class='ocrx_word' id='word_1_54' title='bbox 513 1586 608 1653; x_wconf 90' lang='lat' dir='ltr'><strong>libris</strong></span> <span class='ocrx_word' id='word_1_55' title='bbox 626 1587 667 1654; x_wconf 89' lang='lat' dir='ltr'><strong>dc</strong></span> <span class='ocrx_word' id='word_1_56' title='bbox 688 1585 865 1652; x_wconf 73' lang='lat' dir='ltr'><strong>medietate</strong></span> <span class='ocrx_word' id='word_1_57' title='bbox 880 1585 1022 1664; x_wconf 72' lang='lat' dir='ltr'><strong>decimae,</strong></span> <span class='ocrx_word' id='word_1_58' title='bbox 1036 1585 1083 1652; x_wconf 89' lang='lat' dir='ltr'><strong>sic</strong></span> <span class='ocrx_word' id='word_1_59' title='bbox 1102 1587 1269 1670; x_wconf 78' lang='lat' dir='ltr'><strong>concessis,</strong></span> <span class='ocrx_word' id='word_1_60' title='bbox 1284 1611 1344 1676; x_wconf 93' lang='lat' dir='ltr'><strong>per</strong></span> 
     </span>
     <span class='ocr_line' id='line_1_8' title="bbox 298 1688 1477 1776; baseline 0.003 -22"><span class='ocrx_word' id='word_1_61' title='bbox 298 1694 317 1722; x_wconf 88' lang='lat'><strong>“</strong></span> <span class='ocrx_word' id='word_1_62' title='bbox 340 1688 468 1754; x_wconf 88' lang='lat' dir='ltr'><strong>cosdem</strong></span> <span class='ocrx_word' id='word_1_63' title='bbox 490 1688 657 1770; x_wconf 71' lang='lat' dir='ltr'><strong>Ahbatem</strong></span> <span class='ocrx_word' id='word_1_64' title='bbox 679 1693 714 1755; x_wconf 86' lang='lat' dir='ltr'><strong>et</strong></span> <span class='ocrx_word' id='word_1_65' title='bbox 732 1689 952 1766; x_wconf 84' lang='lat' dir='ltr'><strong>Oouveutum,</strong></span> <span class='ocrx_word' id='word_1_66' title='bbox 973 1688 1044 1754; x_wconf 82' lang='lat' dir='ltr'><strong>sive</strong></span> <span class='ocrx_word' id='word_1_67' title='bbox 1064 1709 1123 1776; x_wconf 92' lang='lat' dir='ltr'><strong>per</strong></span> <span class='ocrx_word' id='word_1_68' title='bbox 1146 1709 1342 1757; x_wconf 85' lang='lat' dir='ltr'><strong>successores</strong></span> <span class='ocrx_word' id='word_1_69' title='bbox 1474 1761 1477 1768; x_wconf 23' lang='grc' dir='ltr'>Ι</span> 
     </span>
     <span class='ocr_line' id='line_1_9' title="bbox 298 1791 1341 1878; baseline 0.002 -22"><span class='ocrx_word' id='word_1_70' title='bbox 298 1796 316 1824; x_wconf 86' lang='grc'><strong>“</strong></span> <span class='ocrx_word' id='word_1_71' title='bbox 338 1811 421 1872; x_wconf 72' lang='lat' dir='ltr'><strong>suos,</strong></span> <span class='ocrx_word' id='word_1_72' title='bbox 448 1793 549 1878; x_wconf 83' lang='lat' dir='ltr'><strong>juxta</strong></span> <span class='ocrx_word' id='word_1_73' title='bbox 578 1791 716 1858; x_wconf 84' lang='lat' dir='ltr'><strong>formam</strong></span> <span class='ocrx_word' id='word_1_74' title='bbox 742 1791 986 1858; x_wconf 78' lang='lat' dir='ltr'><strong>concessionum</strong></span> <span class='ocrx_word' id='word_1_75' title='bbox 1011 1791 1153 1870; x_wconf 82' lang='lat' dir='ltr'><strong>illerum,</strong></span> <span class='ocrx_word' id='word_1_76' title='bbox 1168 1791 1341 1873; x_wconf 88' lang='lat' dir='ltr'><strong>solvendis,</strong></span> 
     </span>
     <span class='ocr_line' id='line_1_10' title="bbox 297 1890 1341 1980; baseline 0.003 -21"><span class='ocrx_word' id='word_1_77' title='bbox 297 1901 314 1927; x_wconf 92' lang='lat'><strong>“</strong></span> <span class='ocrx_word' id='word_1_78' title='bbox 337 1913 506 1980; x_wconf 90' lang='lat' dir='ltr'><strong>quousque</strong></span> <span class='ocrx_word' id='word_1_79' title='bbox 527 1893 679 1980; x_wconf 71' lang='lat' dir='ltr'><strong>praedicti</strong></span> <span class='ocrx_word' id='word_1_80' title='bbox 693 1893 807 1960; x_wconf 83' lang='lat' dir='ltr'><strong>Abbos</strong></span> <span class='ocrx_word' id='word_1_81' title='bbox 829 1899 863 1960; x_wconf 87' lang='lat' dir='ltr'><strong>et</strong></span> <span class='ocrx_word' id='word_1_82' title='bbox 880 1890 1082 1974; x_wconf 76' lang='lat' dir='ltr'><strong>Conventus,</strong></span> <span class='ocrx_word' id='word_1_83' title='bbox 1097 1897 1132 1958; x_wconf 90' lang='lat' dir='ltr'><strong>et</strong></span> <span class='ocrx_word' id='word_1_84' title='bbox 1147 1913 1341 1962; x_wconf 87' lang='lat' dir='ltr'><strong>successores</strong></span> 
     </span>
     <span class='ocr_line' id='line_1_11' title="bbox 297 1994 1341 2083; baseline 0.002 -23"><span class='ocrx_word' id='word_1_85' title='bbox 297 2001 314 2029; x_wconf 90' lang='lat'><strong>“</strong></span> <span class='ocrx_word' id='word_1_86' title='bbox 337 1997 397 2074; x_wconf 91' lang='lat' dir='ltr'><strong>sui,</strong></span> <span class='ocrx_word' id='word_1_87' title='bbox 411 1996 481 2062; x_wconf 88' lang='lat' dir='ltr'><strong>sint</strong></span> <span class='ocrx_word' id='word_1_88' title='bbox 502 1995 612 2078; x_wconf 89' lang='lat' dir='ltr'><strong>soluti,</strong></span> <span class='ocrx_word' id='word_1_89' title='bbox 628 1997 664 2062; x_wconf 91' lang='lat' dir='ltr'><strong>in</strong></span> <span class='ocrx_word' id='word_1_90' title='bbox 685 1995 791 2062; x_wconf 87' lang='lat' dir='ltr'><strong>forma</strong></span> <span class='ocrx_word' id='word_1_91' title='bbox 811 1995 977 2083; x_wconf 81' lang='lat' dir='ltr'><strong>praedicte,</strong></span> <span class='ocrx_word' id='word_1_92' title='bbox 1000 1994 1041 2061; x_wconf 90' lang='lat' dir='ltr'><strong>de</strong></span> <span class='ocrx_word' id='word_1_93' title='bbox 1063 2017 1191 2061; x_wconf 85' lang='lat' dir='ltr'><strong>summa</strong></span> <span class='ocrx_word' id='word_1_94' title='bbox 1210 2017 1341 2062; x_wconf 87' lang='lat' dir='ltr'><strong>sexcen-</strong></span> 
     </span>
     <span class='ocr_line' id='line_1_12' title="bbox 295 2096 1341 2186; baseline 0.002 -24"><span class='ocrx_word' id='word_1_95' title='bbox 295 2105 314 2133; x_wconf 91' lang='lat'><em>“</em></span> <span class='ocrx_word' id='word_1_96' title='bbox 336 2101 447 2162; x_wconf 85' lang='lat' dir='ltr'><strong>tarum</strong></span> <span class='ocrx_word' id='word_1_97' title='bbox 461 2098 629 2181; x_wconf 87' lang='lat' dir='ltr'><strong>librarum,</strong></span> <span class='ocrx_word' id='word_1_98' title='bbox 652 2119 711 2186; x_wconf 87' lang='lat' dir='ltr'><strong>per</strong></span> <span class='ocrx_word' id='word_1_99' title='bbox 732 2119 792 2164; x_wconf 90' lang='lat' dir='ltr'><strong>uos</strong></span> <span class='ocrx_word' id='word_1_100' title='bbox 814 2097 937 2164; x_wconf 87' lang='lat' dir='ltr'><strong>eisdem</strong></span> <span class='ocrx_word' id='word_1_101' title='bbox 956 2096 1083 2163; x_wconf 84' lang='lat' dir='ltr'><strong>Abbati</strong></span> <span class='ocrx_word' id='word_1_102' title='bbox 1103 2100 1137 2163; x_wconf 90' lang='lat' dir='ltr'><strong>et</strong></span> <span class='ocrx_word' id='word_1_103' title='bbox 1153 2097 1341 2164; x_wconf 71' lang='lat' dir='ltr'><strong>conventui</strong></span> 
     </span>
     <span class='ocr_line' id='line_1_13' title="bbox 295 2197 1340 2288; baseline 0.001 -23"><span class='ocrx_word' id='word_1_104' title='bbox 295 2207 312 2234; x_wconf 84' lang='lat'><strong>‘⁴</strong></span> <span class='ocrx_word' id='word_1_105' title='bbox 335 2197 531 2281; x_wconf 83' lang='lat' dir='ltr'><strong>debitarum,</strong></span> <span class='ocrx_word' id='word_1_106' title='bbox 553 2221 610 2266; x_wconf 89' lang='lat' dir='ltr'><strong>scu</strong></span> <span class='ocrx_word' id='word_1_107' title='bbox 632 2200 721 2288; x_wconf 89' lang='lat' dir='ltr'><strong>quod</strong></span> <span class='ocrx_word' id='word_1_108' title='bbox 741 2220 800 2287; x_wconf 90' lang='lat' dir='ltr'><strong>per</strong></span> <span class='ocrx_word' id='word_1_109' title='bbox 822 2221 882 2266; x_wconf 92' lang='lat' dir='ltr'><strong>uos</strong></span> <span class='ocrx_word' id='word_1_110' title='bbox 904 2205 938 2266; x_wconf 88' lang='lat' dir='ltr'><strong>et</strong></span> <span class='ocrx_word' id='word_1_111' title='bbox 960 2199 1105 2266; x_wconf 81' lang='lat' dir='ltr'><strong>heoredes</strong></span> <span class='ocrx_word' id='word_1_112' title='bbox 1127 2205 1256 2266; x_wconf 89' lang='lat' dir='ltr'><strong>nostros</strong></span> <span class='ocrx_word' id='word_1_113' title='bbox 1279 2201 1340 2266; x_wconf 91' lang='lat' dir='ltr'><strong>eis-</strong></span> 
     </span>
     <span class='ocr_line' id='line_1_14' title="bbox 296 2302 1338 2382; baseline 0.002 -14"><span class='ocrx_word' id='word_1_114' title='bbox 296 2310 314 2336; x_wconf 92' lang='lat'>“</span> <span class='ocrx_word' id='word_1_115' title='bbox 337 2302 413 2369; x_wconf 92' lang='lat' dir='ltr'><strong>dem</strong></span> <span class='ocrx_word' id='word_1_116' title='bbox 434 2303 561 2369; x_wconf 83' lang='lat' dir='ltr'><strong>Abbati</strong></span> <span class='ocrx_word' id='word_1_117' title='bbox 590 2309 625 2370; x_wconf 88' lang='lat' dir='ltr'><strong>et</strong></span> <span class='ocrx_word' id='word_1_118' title='bbox 650 2302 849 2380; x_wconf 80' lang='lat' dir='ltr'><strong>Conventui,</strong></span> <span class='ocrx_word' id='word_1_119' title='bbox 871 2309 906 2369; x_wconf 88' lang='lat' dir='ltr'><strong>et</strong></span> <span class='ocrx_word' id='word_1_120' title='bbox 934 2303 1169 2370; x_wconf 86' lang='lat' dir='ltr'><strong>successoribus</strong></span> <span class='ocrx_word' id='word_1_121' title='bbox 1200 2302 1275 2382; x_wconf 90' lang='lat' dir='ltr'><strong>suis,</strong></span> <span class='ocrx_word' id='word_1_122' title='bbox 1298 2303 1338 2370; x_wconf 88' lang='lat' dir='ltr'><strong>dc</strong></span> 
     </span>
     <span class='ocr_line' id='line_1_15' title="bbox 294 2404 1338 2492; baseline 0 -22"><span class='ocrx_word' id='word_1_123' title='bbox 294 2411 313 2440; x_wconf 92' lang='lat'><strong>“</strong></span> <span class='ocrx_word' id='word_1_124' title='bbox 337 2404 436 2472; x_wconf 86' lang='lat' dir='ltr'><strong>dictis</strong></span> <span class='ocrx_word' id='word_1_125' title='bbox 464 2407 627 2473; x_wconf 86' lang='lat' dir='ltr'><strong>sexcentis</strong></span> <span class='ocrx_word' id='word_1_126' title='bbox 651 2405 752 2484; x_wconf 87' lang='lat' dir='ltr'><strong>libris,</strong></span> <span class='ocrx_word' id='word_1_127' title='bbox 784 2411 845 2471; x_wconf 91' lang='lat' dir='ltr'><strong>aut</strong></span> <span class='ocrx_word' id='word_1_128' title='bbox 871 2404 912 2471; x_wconf 89' lang='lat' dir='ltr'><strong>de</strong></span> <span class='ocrx_word' id='word_1_129' title='bbox 942 2427 980 2471; x_wconf 89' lang='lat' dir='ltr'><strong>eo</strong></span> <span class='ocrx_word' id='word_1_130' title='bbox 1010 2405 1100 2491; x_wconf 91' lang='lat' dir='ltr'><strong>quod</strong></span> <span class='ocrx_word' id='word_1_131' title='bbox 1125 2405 1203 2471; x_wconf 90' lang='lat' dir='ltr'><strong>inde</strong></span> <span class='ocrx_word' id='word_1_132' title='bbox 1227 2425 1338 2492; x_wconf 87' lang='lat' dir='ltr'><strong>super-</strong></span> 
     </span>
     <span class='ocr_line' id='line_1_16' title="bbox 296 2508 1339 2596; baseline 0 -22"><span class='ocrx_word' id='word_1_133' title='bbox 296 2515 314 2543; x_wconf 91' lang='lat'><strong>“</strong></span> <span class='ocrx_word' id='word_1_134' title='bbox 335 2508 437 2575; x_wconf 89' lang='lat' dir='ltr'><strong>fuerit</strong></span> <span class='ocrx_word' id='word_1_135' title='bbox 458 2509 649 2589; x_wconf 87' lang='lat' dir='ltr'><strong>insolutum,</strong></span> <span class='ocrx_word' id='word_1_136' title='bbox 674 2509 773 2574; x_wconf 90' lang='lat' dir='ltr'><strong>aliter</strong></span> <span class='ocrx_word' id='word_1_137' title='bbox 796 2513 1079 2595; x_wconf 89' lang='lat' dir='ltr'><strong>recompensatum</strong></span> <span class='ocrx_word' id='word_1_138' title='bbox 1104 2508 1213 2590; x_wconf 83' lang='lat' dir='ltr'><strong>luerit,</strong></span> <span class='ocrx_word' id='word_1_139' title='bbox 1239 2512 1339 2596; x_wconf 91' lang='lat' dir='ltr'><strong>prout</strong></span> 
     </span>
     <span class='ocr_line' id='line_1_17' title="bbox 296 2609 1338 2698; baseline 0.003 -23"><span class='ocrx_word' id='word_1_140' title='bbox 296 2616 315 2646; x_wconf 88' lang='lat'>“</span> <span class='ocrx_word' id='word_1_141' title='bbox 335 2610 374 2675; x_wconf 91' lang='lat' dir='ltr'><strong>in</strong></span> <span class='ocrx_word' id='word_1_142' title='bbox 387 2611 524 2678; x_wconf 84' lang='lat' dir='ltr'><strong>Litteris</strong></span> <span class='ocrx_word' id='word_1_143' title='bbox 543 2613 664 2678; x_wconf 88' lang='lat' dir='ltr'><strong>nostris</strong></span> <span class='ocrx_word' id='word_1_144' title='bbox 691 2611 898 2694; x_wconf 88' lang='lat' dir='ltr'><strong>Patentibus,</strong></span> <span class='ocrx_word' id='word_1_145' title='bbox 913 2612 991 2677; x_wconf 90' lang='lat' dir='ltr'><strong>inde</strong></span> <span class='ocrx_word' id='word_1_146' title='bbox 1018 2609 1182 2693; x_wconf 84' lang='lat' dir='ltr'><strong>confectis,</strong></span> <span class='ocrx_word' id='word_1_147' title='bbox 1207 2610 1338 2698; x_wconf 86' lang='lat' dir='ltr'><strong>plenius</strong></span> 
     </span>
     <span class='ocr_line' id='line_1_18' title="bbox 293 2711 1337 2800; baseline -0.002 -20"><span class='ocrx_word' id='word_1_148' title='bbox 293 2721 312 2749; x_wconf 91' lang='lat'><strong>“</strong></span> <span class='ocrx_word' id='word_1_149' title='bbox 334 2715 529 2780; x_wconf 89' lang='lat' dir='ltr'><strong>continetur.</strong></span> <span class='ocrx_word' id='word_1_150' title='bbox 575 2714 621 2780; x_wconf 85' lang='lat' dir='ltr'><strong>Et</strong></span> <span class='ocrx_word' id='word_1_151' title='bbox 635 2713 713 2800; x_wconf 88' lang='lat' dir='ltr'><strong>qnia</strong></span> <span class='ocrx_word' id='word_1_152' title='bbox 735 2713 857 2779; x_wconf 88' lang='lat' dir='ltr'><strong>eisdem</strong></span> <span class='ocrx_word' id='word_1_153' title='bbox 879 2711 1006 2779; x_wconf 86' lang='lat' dir='ltr'><strong>Abbati</strong></span> <span class='ocrx_word' id='word_1_154' title='bbox 1028 2718 1064 2778; x_wconf 86' lang='lat' dir='ltr'><strong>et</strong></span> <span class='ocrx_word' id='word_1_155' title='bbox 1086 2712 1274 2779; x_wconf 84' lang='lat' dir='ltr'><strong>Oonvcntui</strong></span> <span class='ocrx_word' id='word_1_156' title='bbox 1297 2714 1337 2779; x_wconf 90' lang='lat' dir='ltr'><strong>de</strong></span> 
     </span>
     <span class='ocr_line' id='line_1_19' title="bbox 292 2815 1337 2903; baseline -0.002 -21"><span class='ocrx_word' id='word_1_157' title='bbox 292 2817 496 2883; x_wconf 88' lang='lat' dir='ltr'><strong>“solutione</strong></span> <span class='ocrx_word' id='word_1_158' title='bbox 529 2816 692 2883; x_wconf 85' lang='lat' dir='ltr'><strong>dictarum</strong></span> <span class='ocrx_word' id='word_1_159' title='bbox 723 2821 951 2882; x_wconf 78' lang='lat' dir='ltr'><strong>sexcentarum</strong></span> <span class='ocrx_word' id='word_1_160' title='bbox 987 2815 1146 2882; x_wconf 86' lang='lat' dir='ltr'><strong>librarum</strong></span> <span class='ocrx_word' id='word_1_161' title='bbox 1183 2838 1241 2903; x_wconf 87' lang='lat' dir='ltr'><strong>per</strong></span> <span class='ocrx_word' id='word_1_162' title='bbox 1276 2837 1337 2881; x_wconf 90' lang='lat' dir='ltr'><strong>uos</strong></span> 
     </span>
     <span class='ocr_line' id='line_1_20' title="bbox 292 2917 1337 3008; baseline -0.003 -24"><span class='ocrx_word' id='word_1_163' title='bbox 292 2917 429 2986; x_wconf 84' lang='lat' dir='ltr'><strong>“aliter</strong></span> <span class='ocrx_word' id='word_1_164' title='bbox 464 2920 612 2984; x_wconf 90' lang='lat' dir='ltr'><strong>nondum</strong></span> <span class='ocrx_word' id='word_1_165' title='bbox 649 2923 933 3008; x_wconf 86' lang='lat' dir='ltr'><strong>recompensatum</strong></span> <span class='ocrx_word' id='word_1_166' title='bbox 970 2917 1094 2996; x_wconf 88' lang='lat' dir='ltr'><strong>existit,</strong></span> <span class='ocrx_word' id='word_1_167' title='bbox 1128 2922 1168 2983; x_wconf 90' lang='lat' dir='ltr'><strong>ut</strong></span> <span class='ocrx_word' id='word_1_168' title='bbox 1205 2917 1337 2995; x_wconf 90' lang='lat' dir='ltr'><strong>dicitur,</strong></span> 
     </span>
     <span class='ocr_line' id='line_1_21' title="bbox 293 3019 1336 3108; baseline -0.002 -21"><span class='ocrx_word' id='word_1_169' title='bbox 293 3025 312 3057; x_wconf 91' lang='lat'><strong>“</strong></span> <span class='ocrx_word' id='word_1_170' title='bbox 335 3022 429 3087; x_wconf 86' lang='lat' dir='ltr'><strong>vobis</strong></span> <span class='ocrx_word' id='word_1_171' title='bbox 451 3023 655 3102; x_wconf 86' lang='lat' dir='ltr'><strong>mandamus,</strong></span> <span class='ocrx_word' id='word_1_172' title='bbox 669 3020 758 3108; x_wconf 90' lang='lat' dir='ltr'><strong>quod</strong></span> <span class='ocrx_word' id='word_1_173' title='bbox 780 3022 868 3107; x_wconf 90' lang='lat' dir='ltr'><strong>ipsos</strong></span> <span class='ocrx_word' id='word_1_174' title='bbox 881 3020 1046 3086; x_wconf 85' lang='lat' dir='ltr'><strong>Abbotem</strong></span> <span class='ocrx_word' id='word_1_175' title='bbox 1070 3026 1105 3085; x_wconf 91' lang='lat' dir='ltr'><strong>et</strong></span> <span class='ocrx_word' id='word_1_176' title='bbox 1126 3019 1336 3086; x_wconf 76' lang='lat' dir='ltr'><strong>conventum</strong></span> 
     </span>
     <span class='ocr_line' id='line_1_22' title="bbox 295 3120 1337 3211; baseline -0.001 -22"><span class='ocrx_word' id='word_1_177' title='bbox 295 3129 314 3159; x_wconf 77' lang='lat'><strong>‘⁴</strong></span> <span class='ocrx_word' id='word_1_178' title='bbox 335 3123 376 3190; x_wconf 90' lang='lat' dir='ltr'><strong>de</strong></span> <span class='ocrx_word' id='word_1_179' title='bbox 405 3124 568 3191; x_wconf 89' lang='lat' dir='ltr'><strong>solutione</strong></span> <span class='ocrx_word' id='word_1_180' title='bbox 598 3123 720 3211; x_wconf 80' lang='lat' dir='ltr'><strong>viginti</strong></span> <span class='ocrx_word' id='word_1_181' title='bbox 752 3123 912 3189; x_wconf 88' lang='lat' dir='ltr'><strong>librarum</strong></span> <span class='ocrx_word' id='word_1_182' title='bbox 941 3121 1047 3200; x_wconf 91' lang='lat' dir='ltr'><strong>nobis,</strong></span> <span class='ocrx_word' id='word_1_183' title='bbox 1077 3120 1208 3188; x_wconf 80' lang='lat' dir='ltr'><strong>ratione</strong></span> <span class='ocrx_word' id='word_1_184' title='bbox 1237 3123 1337 3188; x_wconf 87' lang='lat' dir='ltr'><strong>unius</strong></span> 
     </span>
     <span class='ocr_line' id='line_1_23' title="bbox 293 3223 1337 3314; baseline -0.002 -22"><span class='ocrx_word' id='word_1_185' title='bbox 293 3235 311 3262; x_wconf 89' lang='lat'>“</span> <span class='ocrx_word' id='word_1_186' title='bbox 333 3226 476 3310; x_wconf 87' lang='lat' dir='ltr'><strong>dccimae,</strong></span> <span class='ocrx_word' id='word_1_187' title='bbox 499 3227 594 3293; x_wconf 90' lang='lat' dir='ltr'><strong>nobis</strong></span> <span class='ocrx_word' id='word_1_188' title='bbox 616 3248 674 3314; x_wconf 89' lang='lat' dir='ltr'><strong>per</strong></span> <span class='ocrx_word' id='word_1_189' title='bbox 689 3226 821 3293; x_wconf 77' lang='lat' dir='ltr'><strong>Olenum</strong></span> <span class='ocrx_word' id='word_1_190' title='bbox 844 3225 938 3314; x_wconf 84' lang='lat' dir='ltr'><strong>regui</strong></span> <span class='ocrx_word' id='word_1_191' title='bbox 957 3224 1063 3291; x_wconf 88' lang='lat' dir='ltr'><strong>nostri</strong></span> <span class='ocrx_word' id='word_1_192' title='bbox 1085 3223 1225 3312; x_wconf 80' lang='lat' dir='ltr'><strong>Angliae,</strong></span> <span class='ocrx_word' id='word_1_193' title='bbox 1248 3245 1337 3290; x_wconf 85' lang='lat' dir='ltr'><strong>enno</strong></span> 
     </span>
     <span class='ocr_line' id='line_1_24' title="bbox 167 3327 1336 3419; baseline -0.004 -22"><span class='ocrx_word' id='word_1_194' title='bbox 167 3342 173 3355; x_wconf 88' lang='lat'>&#39;</span> <span class='ocrx_word' id='word_1_195' title='bbox 292 3335 312 3364; x_wconf 82' lang='lat'><strong>‘⁴</strong></span> <span class='ocrx_word' id='word_1_196' title='bbox 333 3332 428 3419; x_wconf 85' lang='lat' dir='ltr'><strong>regni</strong></span> <span class='ocrx_word' id='word_1_197' title='bbox 460 3331 568 3398; x_wconf 86' lang='lat' dir='ltr'><strong>nostri</strong></span> <span class='ocrx_word' id='word_1_198' title='bbox 605 3329 760 3396; x_wconf 87' lang='lat' dir='ltr'><strong>vicesimo</strong></span> <span class='ocrx_word' id='word_1_199' title='bbox 795 3329 936 3417; x_wconf 89' lang='lat' dir='ltr'><strong>septimo</strong></span> <span class='ocrx_word' id='word_1_200' title='bbox 972 3349 1140 3406; x_wconf 84' lang='lat' dir='ltr'><strong>coneessae,</strong></span> <span class='ocrx_word' id='word_1_201' title='bbox 1178 3327 1336 3408; x_wconf 79' lang='lat' dir='ltr'><strong>iacienda,</strong></span> 
     </span>
    </p>

    <p class='ocr_par' dir='ltr' id='par_1_3' title="bbox 291 3429 1359 4320">
     <span class='ocr_line' id='line_1_25' title="bbox 293 3429 1335 3520; baseline -0.003 -22"><span class='ocrx_word' id='word_1_202' title='bbox 293 3437 503 3520; x_wconf 84' lang='lat' dir='ltr'><strong>“quousque</strong></span> <span class='ocrx_word' id='word_1_203' title='bbox 531 3431 681 3520; x_wconf 72' lang='lat' dir='ltr'><strong>praedicti</strong></span> <span class='ocrx_word' id='word_1_204' title='bbox 704 3431 817 3498; x_wconf 84' lang='lat' dir='ltr'><strong>Abbas</strong></span> <span class='ocrx_word' id='word_1_205' title='bbox 846 3437 881 3496; x_wconf 88' lang='lat' dir='ltr'><strong>et</strong></span> <span class='ocrx_word' id='word_1_206' title='bbox 907 3429 1100 3498; x_wconf 78' lang='lat' dir='ltr'><strong>Conventus</strong></span> <span class='ocrx_word' id='word_1_207' title='bbox 1126 3430 1195 3495; x_wconf 91' lang='lat' dir='ltr'><strong>sint</strong></span> <span class='ocrx_word' id='word_1_208' title='bbox 1224 3431 1335 3512; x_wconf 91' lang='lat' dir='ltr'><strong>soluti,</strong></span> 
     </span>
     <span class='ocr_line' id='line_1_26' title="bbox 293 3531 1335 3622; baseline -0.004 -20"><span class='ocrx_word' id='word_1_209' title='bbox 293 3541 313 3572; x_wconf 81' lang='lat'><strong>‘⁴</strong></span> <span class='ocrx_word' id='word_1_210' title='bbox 335 3537 370 3601; x_wconf 90' lang='lat' dir='ltr'><strong>iu</strong></span> <span class='ocrx_word' id='word_1_211' title='bbox 391 3535 497 3602; x_wconf 85' lang='lat' dir='ltr'><strong>forma</strong></span> <span class='ocrx_word' id='word_1_212' title='bbox 515 3535 681 3622; x_wconf 80' lang='lat' dir='ltr'><strong>praedicta,</strong></span> <span class='ocrx_word' id='word_1_213' title='bbox 704 3534 745 3601; x_wconf 91' lang='lat' dir='ltr'><strong>de</strong></span> <span class='ocrx_word' id='word_1_214' title='bbox 775 3555 904 3600; x_wconf 88' lang='lat' dir='ltr'><strong>summa</strong></span> <span class='ocrx_word' id='word_1_215' title='bbox 925 3538 1154 3600; x_wconf 85' lang='lat' dir='ltr'><strong>sexcentarum</strong></span> <span class='ocrx_word' id='word_1_216' title='bbox 1175 3531 1335 3598; x_wconf 88' lang='lat' dir='ltr'><strong>librarum</strong></span> 
     </span>
     <span class='ocr_line' id='line_1_27' title="bbox 293 3635 1335 3726; baseline -0.003 -21"><span class='ocrx_word' id='word_1_217' title='bbox 293 3647 313 3677; x_wconf 90' lang='lat'><strong>“</strong></span> <span class='ocrx_word' id='word_1_218' title='bbox 336 3661 394 3726; x_wconf 89' lang='lat' dir='ltr'><strong>per</strong></span> <span class='ocrx_word' id='word_1_219' title='bbox 414 3661 475 3705; x_wconf 89' lang='lat' dir='ltr'><strong>nos</strong></span> <span class='ocrx_word' id='word_1_220' title='bbox 495 3637 624 3705; x_wconf 85' lang='lat' dir='ltr'><strong>Abbati</strong></span> <span class='ocrx_word' id='word_1_221' title='bbox 647 3644 681 3704; x_wconf 87' lang='lat' dir='ltr'><strong>et</strong></span> <span class='ocrx_word' id='word_1_222' title='bbox 704 3636 902 3716; x_wconf 70' lang='lat' dir='ltr'><strong>conventui,</strong></span> <span class='ocrx_word' id='word_1_223' title='bbox 917 3641 957 3702; x_wconf 89' lang='lat' dir='ltr'><strong>ut</strong></span> <span class='ocrx_word' id='word_1_224' title='bbox 977 3635 1175 3723; x_wconf 70' lang='lat' dir='ltr'><strong>praedictum</strong></span> <span class='ocrx_word' id='word_1_225' title='bbox 1197 3640 1257 3714; x_wconf 86' lang='lat' dir='ltr'><strong>est,</strong></span> <span class='ocrx_word' id='word_1_226' title='bbox 1278 3635 1335 3702; x_wconf 89' lang='lat' dir='ltr'><strong>de-</strong></span> 
     </span>
     <span class='ocr_line' id='line_1_28' title="bbox 293 3738 1333 3829; baseline -0.005 -20"><span class='ocrx_word' id='word_1_227' title='bbox 293 3749 314 3779; x_wconf 91' lang='lat'><strong>“</strong></span> <span class='ocrx_word' id='word_1_228' title='bbox 335 3742 416 3823; x_wconf 88' lang='lat' dir='ltr'><strong>bita,</strong></span> <span class='ocrx_word' id='word_1_229' title='bbox 439 3763 516 3829; x_wconf 87' lang='lat' dir='ltr'><strong>erga</strong></span> <span class='ocrx_word' id='word_1_230' title='bbox 549 3763 609 3807; x_wconf 88' lang='lat' dir='ltr'><strong>noe</strong></span> <span class='ocrx_word' id='word_1_231' title='bbox 641 3741 768 3827; x_wconf 90' lang='lat' dir='ltr'><strong>quietos</strong></span> <span class='ocrx_word' id='word_1_232' title='bbox 801 3745 837 3806; x_wconf 86' lang='lat' dir='ltr'><strong>ct</strong></span> <span class='ocrx_word' id='word_1_233' title='bbox 868 3744 1065 3806; x_wconf 84' lang='lat' dir='ltr'><strong>exoneratos</strong></span> <span class='ocrx_word' id='word_1_234' title='bbox 1096 3759 1165 3804; x_wconf 88' lang='lat' dir='ltr'><strong>osse</strong></span> <span class='ocrx_word' id='word_1_235' title='bbox 1196 3738 1333 3818; x_wconf 80' lang='lat' dir='ltr'><strong>faciatis,</strong></span> 
     </span>
     <span class='ocr_line' id='line_1_29' title="bbox 294 3839 1333 3932; baseline -0.007 -21"><span class='ocrx_word' id='word_1_236' title='bbox 294 3851 312 3882; x_wconf 77' lang='lat'><strong>‘⁴</strong></span> <span class='ocrx_word' id='word_1_237' title='bbox 330 3845 431 3932; x_wconf 86' lang='lat' dir='ltr'><strong>juxta</strong></span> <span class='ocrx_word' id='word_1_238' title='bbox 463 3849 612 3909; x_wconf 81' lang='lat' dir='ltr'><strong>tenorem</strong></span> <span class='ocrx_word' id='word_1_239' title='bbox 644 3843 832 3908; x_wconf 89' lang='lat' dir='ltr'><strong>litterarum</strong></span> <span class='ocrx_word' id='word_1_240' title='bbox 869 3845 1055 3907; x_wconf 84' lang='lat' dir='ltr'><strong>nostrorum</strong></span> <span class='ocrx_word' id='word_1_241' title='bbox 1092 3839 1333 3927; x_wconf 86' lang='lat' dir='ltr'><strong>praedictarum,</strong></span> 
     </span>
     <span class='ocr_line' id='line_1_30' title="bbox 293 3941 1359 4033; baseline -0.005 -22"><span class='ocrx_word' id='word_1_242' title='bbox 293 3953 312 3983; x_wconf 87' lang='lat'>“</span> <span class='ocrx_word' id='word_1_243' title='bbox 334 3947 430 4033; x_wconf 88' lang='lat' dir='ltr'><strong>ipsos,</strong></span> <span class='ocrx_word' id='word_1_244' title='bbox 453 3949 568 4012; x_wconf 86' lang='lat' dir='ltr'><strong>contra</strong></span> <span class='ocrx_word' id='word_1_245' title='bbox 589 3949 736 4011; x_wconf 86' lang='lat' dir='ltr'><strong>tenorem</strong></span> <span class='ocrx_word' id='word_1_246' title='bbox 762 3943 948 4022; x_wconf 88' lang='lat' dir='ltr'><strong>earundem,</strong></span> <span class='ocrx_word' id='word_1_247' title='bbox 970 3963 1038 4008; x_wconf 90' lang='lat' dir='ltr'><strong>non</strong></span> <span class='ocrx_word' id='word_1_248' title='bbox 1059 3941 1270 4008; x_wconf 72' lang='lat' dir='ltr'><strong>molestantes</strong></span> <span class='ocrx_word' id='word_1_249' title='bbox 1298 3941 1359 4006; x_wconf 84' lang='lat' dir='ltr'><strong>in-</strong></span> 
     </span>
     <span class='ocr_line' id='line_1_31' title="bbox 293 4042 1334 4135; baseline -0.007 -20"><span class='ocrx_word' id='word_1_250' title='bbox 293 4056 312 4086; x_wconf 87' lang='lat'><strong>“</strong></span> <span class='ocrx_word' id='word_1_251' title='bbox 334 4049 452 4135; x_wconf 81' lang='lat' dir='ltr'><strong>aliquo,</strong></span> <span class='ocrx_word' id='word_1_252' title='bbox 473 4068 531 4113; x_wconf 89' lang='lat' dir='ltr'><strong>seu</strong></span> <span class='ocrx_word' id='word_1_253' title='bbox 553 4051 736 4134; x_wconf 75' lang='lat' dir='ltr'><strong>gravantes</strong></span> <span class='ocrx_word' id='word_1_254' title='bbox 781 4046 878 4112; x_wconf 84' lang='lat' dir='ltr'><strong>Teste</strong></span> <span class='ocrx_word' id='word_1_255' title='bbox 903 4045 1037 4133; x_wconf 85' lang='lat' dir='ltr'><strong>meipso,</strong></span> <span class='ocrx_word' id='word_1_256' title='bbox 1061 4043 1149 4131; x_wconf 89' lang='lat' dir='ltr'><strong>apud</strong></span> <span class='ocrx_word' id='word_1_257' title='bbox 1178 4042 1334 4108; x_wconf 85' lang='lat' dir='ltr'><strong>Westmo·</strong></span> 
     </span>
     <span class='ocr_line' id='line_1_32' title="bbox 292 4144 1334 4236; baseline -0.007 -19"><span class='ocrx_word' id='word_1_258' title='bbox 292 4159 310 4186; x_wconf 89' lang='lat'><em>“</em></span> <span class='ocrx_word' id='word_1_259' title='bbox 331 4149 519 4228; x_wconf 67' lang='lat' dir='ltr'><strong>nestorium,</strong></span> <span class='ocrx_word' id='word_1_260' title='bbox 534 4149 794 4236; x_wconf 80' lang='lat' dir='ltr'><strong>quarto-decimo</strong></span> <span class='ocrx_word' id='word_1_261' title='bbox 816 4147 870 4214; x_wconf 88' lang='lat' dir='ltr'><strong>dis</strong></span> <span class='ocrx_word' id='word_1_262' title='bbox 891 4147 982 4228; x_wconf 83' lang='lat' dir='ltr'><strong>Maii,</strong></span> <span class='ocrx_word' id='word_1_263' title='bbox 1003 4166 1091 4212; x_wconf 84' lang='lat' dir='ltr'><strong>auno</strong></span> <span class='ocrx_word' id='word_1_264' title='bbox 1112 4144 1207 4231; x_wconf 83' lang='lat' dir='ltr'><strong>regni</strong></span> <span class='ocrx_word' id='word_1_265' title='bbox 1228 4144 1334 4210; x_wconf 85' lang='lat' dir='ltr'><strong>nostri</strong></span> 
     </span>
     <span class='ocr_line' id='line_1_33' title="bbox 291 4250 616 4320; baseline -0.003 -2"><span class='ocrx_word' id='word_1_266' title='bbox 291 4261 311 4290; x_wconf 81' lang='lat'><strong>‘⁴</strong></span> <span class='ocrx_word' id='word_1_267' title='bbox 332 4250 616 4320; x_wconf 86' lang='lat' dir='ltr'><strong>vicesimo-nono.”</strong></span> 
     </span>
    </p>

    <p class='ocr_par' dir='ltr' id='par_1_4' title="bbox 295 4347 1332 4543">
     <span class='ocr_line' id='line_1_34' title="bbox 336 4347 1332 4437; baseline -0.006 -17"><span class='ocrx_word' id='word_1_268' title='bbox 336 4355 382 4422; x_wconf 84' lang='lat' dir='ltr'><strong>Et</strong></span> <span class='ocrx_word' id='word_1_269' title='bbox 403 4359 498 4421; x_wconf 90' lang='lat' dir='ltr'><strong>tenor</strong></span> <span class='ocrx_word' id='word_1_270' title='bbox 521 4355 722 4420; x_wconf 78' lang='lat' dir='ltr'><strong>Litterarum</strong></span> <span class='ocrx_word' id='word_1_271' title='bbox 744 4352 945 4434; x_wconf 85' lang='lat' dir='ltr'><strong>Potentium,</strong></span> <span class='ocrx_word' id='word_1_272' title='bbox 969 4351 1010 4416; x_wconf 90' lang='lat' dir='ltr'><strong>de</strong></span> <span class='ocrx_word' id='word_1_273' title='bbox 1032 4369 1097 4437; x_wconf 89' lang='lat' dir='ltr'><strong>quo</strong></span> <span class='ocrx_word' id='word_1_274' title='bbox 1127 4347 1275 4436; x_wconf 87' lang='lat' dir='ltr'><strong>superius</strong></span> <span class='ocrx_word' id='word_1_275' title='bbox 1297 4348 1332 4414; x_wconf 92' lang='lat' dir='ltr'><strong>in</strong></span> 
     </span>
     <span class='ocr_line' id='line_1_35' title="bbox 295 4453 1105 4543; baseline -0.007 -21"><span class='ocrx_word' id='word_1_276' title='bbox 295 4457 388 4523; x_wconf 87' lang='lat' dir='ltr'><strong>brevi</strong></span> <span class='ocrx_word' id='word_1_277' title='bbox 409 4457 449 4522; x_wconf 89' lang='lat' dir='ltr'><strong>fit</strong></span> <span class='ocrx_word' id='word_1_278' title='bbox 472 4457 605 4536; x_wconf 89' lang='lat' dir='ltr'><strong>mentio,</strong></span> <span class='ocrx_word' id='word_1_279' title='bbox 629 4456 778 4543; x_wconf 90' lang='lat' dir='ltr'><strong>sequitur</strong></span> <span class='ocrx_word' id='word_1_280' title='bbox 799 4456 836 4520; x_wconf 91' lang='lat' dir='ltr'><strong>in</strong></span> <span class='ocrx_word' id='word_1_281' title='bbox 857 4453 928 4520; x_wconf 83' lang='lat' dir='ltr'><strong>haec</strong></span> <span class='ocrx_word' id='word_1_282' title='bbox 950 4453 1105 4519; x_wconf 86' lang='lat' dir='ltr'><strong>verbe.—</strong></span> 
     </span>
    </p>

    <p class='ocr_par' dir='ltr' id='par_1_5' title="bbox 292 4552 1333 4747">
     <span class='ocr_line' id='line_1_36' title="bbox 337 4552 1333 4646; baseline -0.006 -20"><span class='ocrx_word' id='word_1_283' title='bbox 337 4565 355 4596; x_wconf 89' lang='lat'><strong>“</strong></span> <span class='ocrx_word' id='word_1_284' title='bbox 370 4558 564 4640; x_wconf 88' lang='lat' dir='ltr'><strong>¹Henricus,</strong></span> <span class='ocrx_word' id='word_1_285' title='bbox 588 4559 652 4625; x_wconf 91' lang='lat' dir='ltr'><strong>Dei</strong></span> <span class='ocrx_word' id='word_1_286' title='bbox 674 4559 791 4646; x_wconf 83' lang='lat' dir='ltr'><strong>gratie,</strong></span> <span class='ocrx_word' id='word_1_287' title='bbox 813 4559 887 4624; x_wconf 82' lang='lat' dir='ltr'><strong>Rex</strong></span> <span class='ocrx_word' id='word_1_288' title='bbox 909 4555 1041 4642; x_wconf 85' lang='lat' dir='ltr'><strong>Angliee</strong></span> <span class='ocrx_word' id='word_1_289' title='bbox 1064 4558 1098 4619; x_wconf 90' lang='lat' dir='ltr'><strong>et</strong></span> <span class='ocrx_word' id='word_1_290' title='bbox 1120 4552 1276 4634; x_wconf 70' lang='lat' dir='ltr'><strong>Frende,</strong></span> <span class='ocrx_word' id='word_1_291' title='bbox 1299 4558 1333 4620; x_wconf 88' lang='lat' dir='ltr'><strong>et</strong></span> 
     </span>
     <span class='ocr_line' id='line_1_37' title="bbox 292 4655 1332 4747; baseline -0.005 -21"><span class='ocrx_word' id='word_1_292' title='bbox 292 4665 311 4698; x_wconf 84' lang='lat'>“</span> <span class='ocrx_word' id='word_1_293' title='bbox 333 4661 495 4728; x_wconf 89' lang='lat' dir='ltr'><strong>Dominus</strong></span> <span class='ocrx_word' id='word_1_294' title='bbox 519 4660 699 4740; x_wconf 78' lang='lat' dir='ltr'><strong>Hiberniae,</strong></span> <span class='ocrx_word' id='word_1_295' title='bbox 726 4658 994 4747; x_wconf 84' lang='lat' dir='ltr'><strong>Archiepircopis,</strong></span> <span class='ocrx_word' id='word_1_296' title='bbox 1021 4655 1198 4742; x_wconf 84' lang='lat' dir='ltr'><strong>Episcopis,</strong></span> <span class='ocrx_word' id='word_1_297' title='bbox 1221 4656 1332 4722; x_wconf 79' lang='lat' dir='ltr'><strong>Abba-</strong></span> 
     </span>
    </p>
   </div>
   <div class='ocr_carea' id='block_1_3' title="bbox 401 4858 1217 4927">
    <p class='ocr_par' dir='ltr' id='par_1_6' title="bbox 401 4858 1217 4927">
     <span class='ocr_line' id='line_1_38' title="bbox 401 4858 1217 4927; baseline -0.009 -11"><span class='ocrx_word' id='word_1_298' title='bbox 401 4863 410 4896; x_wconf 92' lang='lat'>¹</span> <span class='ocrx_word' id='word_1_299' title='bbox 422 4863 479 4916; x_wconf 78' lang='lat' dir='ltr'><strong>&#39;l&#39;lre</strong></span> <span class='ocrx_word' id='word_1_300' title='bbox 497 4863 553 4916; x_wconf 76' lang='lat' dir='ltr'><strong>first</strong></span> <span class='ocrx_word' id='word_1_301' title='bbox 570 4864 643 4916; x_wconf 80' lang='lat' dir='ltr'><strong>letter</strong></span> <span class='ocrx_word' id='word_1_302' title='bbox 662 4863 764 4927; x_wconf 75' lang='lat' dir='ltr'><strong>omitted</strong></span> <span class='ocrx_word' id='word_1_303' title='bbox 775 4884 782 4922; x_wconf 83' lang='lat'><strong>;</strong></span> <span class='ocrx_word' id='word_1_304' title='bbox 798 4869 824 4914; x_wconf 82' lang='lat' dir='ltr'><strong>to</strong></span> <span class='ocrx_word' id='word_1_305' title='bbox 840 4863 872 4913; x_wconf 89' lang='lat' dir='ltr'><strong>bc</strong></span> <span class='ocrx_word' id='word_1_306' title='bbox 884 4859 998 4927; x_wconf 83' lang='lat' dir='ltr'><strong>supplied</strong></span> <span class='ocrx_word' id='word_1_307' title='bbox 1007 4859 1035 4912; x_wconf 87' lang='lat' dir='ltr'><strong>iu</strong></span> <span class='ocrx_word' id='word_1_308' title='bbox 1045 4858 1217 4910; x_wconf 86' lang='lat' dir='ltr'><strong>illuminatiou.</strong></span> 
     </span>
    </p>
   </div>
   <div class='ocr_carea' id='block_1_4' title="bbox 0 0 1798 5838">
    <p class='ocr_par' dir='ltr' id='par_1_7' title="bbox 0 0 1798 5838">
     <span class='ocr_line' id='line_1_39' title="bbox 0 0 1798 5838; baseline 0 4"><span class='ocrx_word' id='word_1_309' title='bbox 0 0 1798 5838; x_wconf 95' lang='lat' dir='ltr'><strong> </strong></span> 
     </span>
    </p>
   </div>
  </div>
 </body>
</html>
