3588 5838
494 911 667 962 sonemus
689 911 976 962 wssreeusrsne
999 911 1176 964 6666666.
1294 900 1350 978 Ἰ61

303 1104 324 1132 “
345 1095 481 1174 Abbati,
497 1099 584 1185 apud
598 1099 710 1164 villam
724 1097 1019 1178 westmonasterii,
1035 1097 1254 1165 incomitata
1266 1097 1352 1163 Mid-
1366 1106 1436 1161 11).
1451 1110 1523 1158 1416.

304 1205 325 1235 “
346 1200 501 1280 dilsexiae,
521 1222 579 1287 per
600 1201 729 1267 dictum
751 1201 933 1267 Dominum
957 1200 1081 1288 Regem
1101 1201 1191 1268 dicto
1213 1200 1353 1266 decimo·

304 1307 324 1336 “
347 1307 462 1368 octavo
485 1303 539 1368 116
562 1302 751 1370 Decembris
774 1303 964 1370 deliberatae
986 1303 1131 1372 fuerunt.

351 1410 369 1440 “
391 1405 437 1470 Et
458 1405 631 1492 superbae
653 1406 740 1472 idem
755 1405 869 1472 Abbas
884 1405 1007 1472 detulit
1029 1406 1083 1472 hic
1102 1406 1203 1472 breve
1217 1405 1353 1472 Domini

305 1513 324 1542 “
347 1506 446 1595 Regis
461 1510 502 1575 de
517 1509 640 1596 Magno
663 1507 780 1596 Sigillo
802 1531 861 1575 suo
883 1509 1108 1587 Theseumrio
1124 1516 1159 1575 61
1169 1509 1353 1577 Beronibus

303 1616 323 1646 “
345 1610 444 1697 hujus
468 1609 637 1690 Scaecarii,
647 1611 818 1690 directum,
830 1612 919 1697 quod
933 1611 1130 1677 irrotulatur
1140 1613 1228 1678 inter
1238 1613 1354 1680 brevia

303 1717 322 1748 “
344 1712 469 1780 directa
484 1713 669 1781 Beronibus
692 1715 733 1782 de
756 1715 910 1781 Termino
926 1714 1069 1793 Paschae,
1093 1736 1182 1780 anno
1196 1716 1353 1782 vicesimo

304 1823 322 1849 “
345 1815 431 1882 nono
456 1817 556 1905 Regis
578 1818 717 1884 Henrici
741 1818 846 1897 Sexti,
871 1819 992 1884 Rotulo
1017 1819 1152 1900 Quinta,
1184 1839 1227 1884 ex
1258 1826 1353 1908 parte

304 1925 322 1952 “
344 1919 619 1986 Rememoraton's
642 1921 750 2009 Regis.

349 2021 435 2088 “Et
457 2023 539 2090 dicit
566 2024 706 2090 ulterius
735 2024 821 2090 idem
853 2024 976 2102 Abbas
999 2023 1088 2109 quod
1120 2025 1184 2090 sibi
1207 2029 1242 2090 et
1263 2025 1354 2092 dicto

304 2129 322 2158 “
344 2123 541 2208 Conventui,
558 2149 619 2192 nec
633 2148 747 2193 eorum
763 2126 871 2206 alicui,
887 2126 929 2192 de
945 2126 1042 2194 dictis
1065 2129 1229 2194 sexcentis
1251 2127 1353 2207 libris,

303 2234 322 2262 “
343 2233 403 2294 aut
425 2229 465 2294 de
488 2228 599 2316 aliqua
621 2229 699 2295 inde
721 2230 872 2318 parcella,
895 2231 932 2294 in
954 2229 1048 2296 nullo
1078 2229 1187 2296 adhuc
1216 2230 1353 2295 minime

303 2330 489 2396 “solutum
512 2336 571 2410 cst,
594 2338 653 2398 eut
679 2331 893 2412 satisfactum,
924 2353 1031 2419 neque
1061 2337 1353 2420 recompensatum,

305 2440 325 2470 “
347 2437 381 2499 et
403 2435 490 2520 quod
513 2435 584 2522 ipse
606 2435 728 2514 Abbas,
755 2441 922 2522 praetextu
943 2441 978 2500 et
1000 2435 1127 2501 virtute
1149 2436 1353 2503 Litterarum

305 2543 323 2572 “
347 2537 539 2604 Patentium
561 2539 704 2617 illarum,
727 2538 836 2604 decem
861 2537 963 2604 libras
986 2560 1045 2625 per
1067 2539 1171 2605 116166
1186 2539 1352 2606 Abbatem

304 2647 321 2675 ‘¹
343 2645 378 2706 et
394 2639 604 2706 Conventum
620 2640 663 2706 ad
683 2641 860 2707 secundam
876 2641 1089 2707 medietatem
1111 2641 1247 2708 decimae
1270 2665 1352 2730 prae-

305 2747 322 2776 “
345 2741 452 2823 dictae,
474 2743 510 2809 in
533 2743 615 2810 bille
640 2743 800 2831 praedicta
830 2743 1026 2830 specificata,
1049 2744 1254 2823 solvendum,
1277 2767 1353 2830 quae

302 2845 477 2933 “quidem
500 2846 625 2911 decima
647 2845 736 2911 dioto
760 2846 904 2912 Domino
927 2845 1011 2932 Regi
1034 2869 1054 2910 a
1076 2846 1162 2912 clero
1185 2848 1283 2934 regni
1301 2847 1352 2913 sui

304 2954 322 2982 “
344 2949 476 3035 Angliae
504 2949 541 3012 in
572 2949 827 3030 Convocatione‚
857 2949 893 3012 in
925 2947 1071 3014 Ecclesia
1100 2947 1217 3014 Sancti
1247 2949 1351 3032 Pauli,

303 3055 321 3085 “
345 3050 601 3132 Londoniarum‚
620 3051 674 3117 die
697 3050 825 3130 Martis,
849 3050 1015 3128 videlicet,
1029 3049 1135 3137 primo
1158 3050 1212 3117 die
1232 3053 1353 3118 mensis

305 3161 322 3189 “
343 3153 428 3218 Julii
443 3153 532 3219 dicto
547 3175 636 3220 anno
650 3153 805 3220 vicesimo
828 3153 977 3240 septime,
993 3158 1097 3231 tenta,
1113 3175 1262 3220 concessa
1276 3153 1352 3237 fuit,

303 3263 321 3290 “
344 3255 400 3320 diu
424 3260 503 3321 6616
524 3256 720 3342 praedictum
743 3261 900 3344 quartum
924 3256 1012 3322 diem
1042 3256 1241 3322 Novembris
1263 3258 1353 3323 dicto

302 3365 320 3394 ‘⁴
342 3379 429 3424 anno
453 3359 608 3426 vicesimo
637 3382 734 3439 nono,
759 3367 793 3426 61
814 3360 985 3447 hucusque
1008 3361 1044 3426 in
1067 3360 1219 3430 menibus
1249 3360 1353 3449 ipsius

300 3469 320 3496 “
342 3461 486 3528 Abbatie
508 3463 655 3550 propriis,
672 3462 713 3529 16
730 3463 873 3529 16666116
895 3463 1167 3550 provenientibus
1182 3464 1222 3530 de
1238 3464 1351 3530 eedem

303 3569 322 3600 “
344 3566 485 3631 secunda
508 3567 695 3643 medietate,
720 3565 860 3631 retinuit
875 3571 910 3631 61
924 3563 1053 3644 habuit,
1070 3571 1104 3631 et
1119 3566 1226 3632 adhuc
1237 3566 1351 3634 babet.

349 3674 367 3703 ‘⁶
390 3669 435 3733 Et
458 3668 604 3745 ulterius,
627 3669 716 3734 idem
738 3667 852 3734 Abbas
882 3668 972 3749 dicit,
996 3669 1084 3755 quod
1108 3670 1185 3735 licet
1215 3670 1285 3757 ipse
1315 3671 1351 3734 in

303 3775 320 3804 “
343 3776 492 3856 compoto
522 3771 711 3858 supradicto
742 3770 783 3836 16
809 3770 985 3837 6611611666
1008 3771 1143 3837 decimae
1172 3772 1350 3859 praedictae,

303 3877 323 3906 ‘⁸
345 3872 399 3938 hic
413 3874 456 3939 61
472 3873 534 3940 boc
550 3873 755 3938 Sceecarium
776 3871 914 3952 reddito,
932 3873 972 3938 (16
994 3873 1167 3939 tresdecim
1189 3872 1303 3939 solidis
1318 3877 1352 3938 61

302 3981 320 4008 “
344 3981 487 4061 quatuor
502 3975 644 4041 denariis
659 3995 718 4062 pro
734 3973 933 4040 monialibus
956 3974 1126 4041 Prioretus
1142 3973 1352 4041 1611166166-

303 4081 321 4110 “
343 4082 430 4162 yate,
451 4078 537 4165 ipsas
560 4099 619 4164 pro
641 4076 745 4156 bonis,
761 4077 940 4156 beneficiis,
955 4083 990 4142 et
1005 4075 1260 4164 possessionibus
1274 4077 1352 4155 suis,

303 4185 322 4213 “
342 4179 378 4242 16
395 4179 623 4266 jurisdictione
638 4179 805 4267 praedicta,
821 4180 865 4246 ad
880 4179 1056 4244 secundam
1072 4179 1280 4244 medietatem
1296 4179 1352 4244 de-

300 4287 320 4316 “
342 4281 434 4347 cimae
453 4283 630 4369 praedictae,
649 4281 927 4368 contingentibus,
943 4281 1030 4346 infra
1049 4280 1172 4347 dictam
1190 4303 1351 4346 summam

303 4388 320 4417 “
342 4383 482 4470 triginta
497 4395 531 4449 61
546 4383 649 4449 trium
671 4385 839 4462 librarum,
855 4383 966 4448 decem
983 4388 1016 4448 61
1031 4403 1149 4448 novem
1165 4381 1351 4462 solidorum,

302 4493 319 4518 “
342 4487 499 4552 etunius
522 4485 726 4572 quadrantis,
758 4491 914 4551 oneratus
945 4485 1106 4563 extiterit,
1129 4484 1216 4550 idem
1238 4489 1350 4552 tamen

303 4599 320 4625 ‘¹
342 4590 455 4657 Abbas
471 4592 511 4658 de
526 4592 649 4658 eisdem
671 4592 847 4658 tresdecim
869 4591 983 4658 solidis
998 4597 1033 4657 et
1047 4597 1191 4678 quatuor
1207 4591 1351 4658 denariis

540 4815 548 4846 ¹
560 4815 615 4867 Tire
626 4816 749 4882 Nunnery
761 4817 790 4868 of
798 4816 900 4866 Market
912 4815 994 4868 street
1004 4831 1033 4867 or
1044 4815 1106 4868 Geli.
