3668 5842
518 911 694 964 coeluum
716 911 1001 964 wnnrnausrnnu
1023 909 1200 960 succuum.
1319 895 1382 959 288

328 1104 445 1166 “tuor
468 1097 624 1176 Ocncilis,
646 1097 810 1177 videlicet,
843 1095 1017 1179 Nicenum,
1041 1095 1463 1184 constantinopolita-nn.
1477 1119 1549 1166 1457.

330 1207 347 1238 ‘⁸
369 1223 460 1282 num,
485 1201 683 1290 Ephesium,¹
698 1208 735 1267 et
757 1199 1052 1280 ¹Clralcsdonenso,
1075 1222 1143 1266 non
1164 1201 1304 1267 minoris
1324 1200 1383 1266 ho·

330 1311 348 1342 “
370 1303 459 1371 noris
484 1311 545 1370 aut
566 1304 762 1370 reverentiae
797 1325 876 1383 esse,
898 1325 1000 1390 quam
1029 1308 1109 1370 sunt
1140 1308 1284 1391 quatuor
1306 1302 1382 1368 libri

329 1406 461 1473 “Sacri
483 1405 666 1494 Evangelii,
688 1427 749 1494 noc
771 1405 891 1471 minori
914 1405 1067 1493 amplecti
1089 1404 1198 1471 voluit
1221 1427 1260 1470 ea
1282 1404 1382 1469 devo·

330 1518 348 1546 “
370 1509 470 1586 tione,
492 1513 553 1575 aut
573 1506 723 1574 inferiori
753 1508 990 1596 approbatione
1016 1509 1182 1574 custodiri.
1230 1507 1317 1588 Quia
1345 1507 1381 1572 in

331 1622 349 1649 “
371 1612 458 1700 ipsis,
480 1616 521 1678 ut
543 1611 613 1698 ipsc
642 1611 769 1691 asserit,
792 1610 886 1678 velut
916 1613 953 1676 in
983 1612 1143 1698 quadrato
1165 1610 1282 1699 lapide,
1307 1631 1383 1675 con-

332 1727 349 1751 “
371 1715 479 1803 surgit
501 1719 668 1781 structura
690 1737 789 1780 sacrae
811 1713 900 1796 fidei,
924 1715 1095 1800 omnisque
1117 1712 1198 1780 vitae
1220 1735 1258 1779 ac
1280 1712 1381 1778 actio-

332 1825 351 1853 “
373 1817 426 1883 nis
447 1817 542 1883 bonae
564 1839 680 1882 norma
701 1815 862 1883 consistit.
906 1817 1032 1882 Dicunt
1048 1816 1150 1883 etiam
1172 1815 1283 1882 caeteri
1297 1817 1382 1881 Doc-

333 1925 351 1954 “
373 1924 460 1985 tores
475 1917 692 1998 concorditer,
707 1919 801 2005 quasi
823 1927 996 1996 omnes‚-‘
1008 1920 1101 1984 Licet
1124 1919 1223 1984 Sacra
1237 1917 1384 1985 Concilio

334 2026 353 2056 “
377 2028 509 2087 ‘errare
530 2020 711 2108 'poterunt
733 2023 770 2085 in
791 2019 856 2087 hiis
879 2043 953 2108 quse
976 2026 1055 2087 sunt
1077 2021 1166 2100 facti,
1182 2041 1249 2086 non
1271 2025 1384 2086 tamar

335 2129 354 2158 “
377 2121 437 2188 ‘in
459 2123 525 2188 hiis
547 2145 621 2209 quae
644 2128 724 2188 sunt
744 2124 825 2189 fidei
837 2149 846 2204 ;
878 2124 957 2210 quia
978 2125 1015 2189 in
1038 2123 1129 2188 omni
1151 2121 1297 2190 Concilio
1320 2121 1381 2187 Ge

336 2231 354 2259 “
378 2229 387 2260 ‘
401 2224 515 2303 ncrali,
530 2225 589 2289 ubi
612 2225 679 2291 duo
694 2225 830 2291 veltres
845 2225 1034 2313 congregati
1056 2225 1180 2291 fuerint
1201 2223 1238 2290 in
1252 2225 1385 2291 nominc

336 2333 353 2362 “
376 2325 537 2403 ‘Christi
560 2325 609 2391 ibi
631 2327 746 2418 statim
769 2325 858 2392 inter
880 2349 933 2393 eos
955 2327 1050 2394 adest
1071 2326 1127 2393 illo
1152 2325 1298 2415 Spiritus
1326 2327 1385 2391 bo·

336 2437 353 2464 ‘¹
379 2437 473 2506 ‘noa
489 2429 547 2514 qui
569 2450 638 2494 non
659 2429 831 2515 permittet
853 2451 908 2495 cos
931 2435 990 2495 sut
1013 2451 1120 2495 errare
1142 2428 1344 2509 insideant
1365 2451 1386 2494 a

337 2539 355 2566 “
377 2530 457 2596 ‘via
478 2530 627 2597 recedere
649 2530 823 2597 veritatis'

381 2633 589 2713 “Quantum
612 2655 690 2699 vero
713 2634 754 2699 sd
778 2655 910 2700 sensum
932 2640 967 2700 et
988 2635 1193 2702 intellectum
1208 2635 1386 2723 Scripturae

338 2744 356 2772 ‘¹
379 2735 496 2814 sacre,
529 2735 611 2802 dicit
644 2729 769 2802 Ductor
790 2734 1047 2822 ⁸Hieronymus,
1079 2739 1167 2824 quod
1201 2739 1387 2824 quicunque

337 2846 355 2873 “
377 2837 475 2904 aliter
506 2859 579 2902 eam
612 2838 783 2926 intelligit,
816 2840 963 2926 exponit,
1000 2841 1070 2905 sive
1101 2840 1253 2919 elucidat,
1286 2861 1387 2926 quam

339 2945 357 2976 “
380 2961 496 3005 sensus
518 2938 665 3028 Spiritus
687 2940 811 3022 Sancti,
835 2941 927 3027 cujus
951 2941 1057 3028 digito
1079 2942 1202 3029 scripta
1223 2947 1283 3024 cst,
1299 2941 1388 3007 effia-

340 3048 359 3079 “
380 3042 477 3130 gitat,
502 3063 578 3108 eum
610 3064 670 3130 pro
701 3042 856 3110 haeretico
878 3044 999 3110 habere
1021 3050 1158 3112 constat.
1205 3043 1390 3112 Concordat

339 3153 356 3179 “
379 3143 480 3209 ctiam
514 3165 589 3209 cum
620 3144 692 3231 ipso
723 3144 848 3211 Doctcr
876 3144 1145 3225 ‘Lincolniensia
1178 3147 1322 3214 scribens
1347 3148 1390 3212 ad

343 3252 362 3282 “
383 3247 599 3334 propositum,
624 3248 684 3312 sub
707 3248 772 3314 isto
794 3248 893 3314 modo
915 3250 1027 3316 dicens
1040 3257 1103 3314 :—‘
1112 3249 1306 3337 Quicunque
1322 3252 1390 3338 cpi-

343 3353 362 3384 “
386 3347 543 3414 ‘nionem
567 3350 735 3437 excogitat
757 3351 912 3437 aliquam,
929 3351 1109 3440 Scripturas
1132 3353 1240 3420 Sacrae
1262 3359 1391 3419 contra-

343 3455 361 3486 “
384 3449 502 3529 ‘riam,
527 3449 555 3514 si
589 3472 661 3515 eam
696 3451 826 3538 publice
860 3454 1017 3538 docuerit,
1039 3455 1315 3543 pertinaciterqne
1337 3458 1392 3522 de·

344 3558 362 3588 ‘⁶
385 3551 562 3631 ‘fenderit‚
585 3573 644 3638 pro
667 3552 823 3621 haeretico
845 3555 1015 3622 habendus
1038 3556 1122 3624 erit’

388 3659 408 3690 ‘⁶
425 3654 543 3734 Quare,
559 3653 728 3742 Magister,
751 3677 825 3721 cum
847 3661 888 3723 tu
910 3658 1057 3724 omnium
1079 3658 1197 3726 horum
1212 3661 1393 3728 Doctorum

344 3755 481 3821 “dictis
511 3756 694 3822 contrarius
728 3758 859 3839 nedum,
882 3757 1006 3826 ⁵imm0
1040 3751 1153 3850 magis,
1177 3764 1393 3830 contradicto-

345 3865 363 3894 “
385 3857 464 3938 rius,
488 3879 558 3924 csse
592 3859 804 3941 convinceris,
827 3866 957 3948 oportet
987 3883 1057 3943 nos,
1074 3864 1176 3949 juxta
1210 3865 1393 3932 doctrinam

345 3965 363 3996 ‘¹
385 3959 467 4025 dicti
489 3959 643 4025 Doctoris
665 3959 896 4049 “Hieronymi
918 3986 1061 4031 resecare
1084 3973 1130 4045 tc,
1144 3973 1304 4052 tanquam
1326 3990 1393 4033 car·

343 4069 362 4097 ‘⁴
385 4081 461 4126 nem
482 4060 697 4148 putridam‚a
719 4085 851 4150 corpore
884 4065 1091 4133 Universalis
1114 4068 1277 4147 Ecclesiae,
1292 4071 1395 4156 repel-

345 4171 363 4198 “
385 4163 518 4250 lareque
549 4163 592 4229 ab
626 4164 718 4244 ovili,
741 4166 835 4232 velut
867 4168 1005 4234 alteram
1027 4191 1121 4236 ovem
1156 4170 1331 4249 scabidam,
1353 4195 1396 4238 ne

345 4271 363 4302 ‘⁴
386 4269 497 4331 totum
520 4264 643 4331 habeas
674 4289 881 4356 corrumpere
908 4291 1050 4359 gregem,
1073 4277 1132 4338 aut
1164 4273 1393 4341 contaminare.

346 4374 364 4402 “
387 4366 498 4454 Igitur
512 4389 555 4432 ex
568 4367 634 4433 hiis
657 4367 785 4436 duobus
807 4393 911 4437 unum
933 4373 998 4439 tibi
1012 4375 1137 4461 eligss;
1161 4379 1274 4440 utrum
1289 4377 1396 4443 mavis

382 4680 620 4812 :cwig
630 4683 687 4735 MS.
873 4697 878 4785 ἱ
934 4687 1361 4800 :GrostesteBishopchincoln

384 4775 645 4894 ³ldocroaimddinld8.
875 4814 878 4884 i
937 4769 1112 4916 ‘yldroodrnr'mlddsn
1122 4847 1178 4901 MS.
