3560 5838
497 877 563 939 480
892 891 1071 941 uraunrx
1095 877 1155 964 (n).

496 1075 691 1157 hominibus,
721 1080 920 1164 propterque
949 1097 1062 1142 causas
1084 1077 1192 1142 varias
1221 1098 1343 1144 nomen
1365 1079 1403 1144 in
1424 1100 1539 1166 perpe·

496 1185 552 1244 tua
577 1179 805 1245 benedictione
825 1178 914 1265 apud
937 1185 1083 1265 posteros
1105 1201 1180 1245 suos
1202 1181 1328 1246 habens
1341 1205 1394 1246 :-

540 1281 659 1359 Primo
675 1279 836 1360 videlicet,
859 1280 938 1366 quia
960 1301 1002 1345 ex
1025 1280 1182 1347 fratribus
1204 1287 1399 1368 assumptus,
1424 1287 1459 1348 et
1480 1303 1540 1368 pro

494 1383 651 1450 frutribus
673 1384 709 1447 in
736 1383 807 1447 'hiis
839 1403 914 1468 quae
947 1388 1027 1447 sunt
1064 1383 1153 1469 apud
1185 1383 1293 1449 Deum
1330 1385 1540 1464 constitutus,

495 1487 638 1551 multum
660 1485 796 1570 provide
818 1484 1016 1571 politioeque
1038 1506 1072 1550 se
1095 1492 1234 1564 rexerat,
1258 1486 1437 1552 dividendo
1466 1486 1540 1551 uni-

494 1589 611 1675 ouique
632 1588 669 1652 in
690 1592 830 1671 utroque
852 1607 911 1652 suo
933 1586 1101 1672 regimine,
1123 1595 1223 1673 prout
1245 1588 1311 1653 illis
1333 1609 1415 1675 opus
1438 1593 1514 1653 erat

539 1689 822 1775 Secundo-quia
851 1695 963 1774 pastor
992 1688 1135 1766 effeetus,
1157 1697 1192 1755 et
1214 1690 1356 1776 pastoris
1386 1690 1539 1755 mulum

494 1792 530 1856 in
552 1812 654 1856 manu
676 1813 743 1868 sua,
766 1790 802 1854 in
826 1791 934 1877 gregis
949 1791 1135 1870 tuitionem,
1151 1791 1309 1871 deferens,
1331 1791 1539 1878 pastoraliter

495 1895 575 1959 satis
597 1893 692 1981 lupos
722 1893 898 1977 fugaverat
919 1915 940 1956 a
961 1892 1071 1973 caulis,
1095 1913 1236 1978 ovesque
1258 1894 1436 1979 quaesierat
1465 1893 1539 1958 dili·

494 2001 611 2083 genter
634 2000 790 2074 errantes,
807 2016 844 2059 ac
866 1996 1021 2060 inventas
1043 2016 1156 2060 rursus
1178 1995 1313 2061 reduxit
1335 1995 1370 2060 in
1393 1996 1539 2061 humeris

494 2119 568 2164 sure.

539 2201 783 2287 Tertio-quia
804 2199 937 2264 vineam
967 2199 1156 2286 temporalis
1176 2199 1386 2285 possessionis
1409 2199 1445 2265 in
1468 2221 1538 2266 ons-

495 2303 618 2368 todiam
652 2302 840 2389 suscipiens,
871 2305 986 2366 eontra
1019 2301 1134 2385 vulpes
1168 2299 1241 2366 illos
1272 2302 1329 2386 qui
1352 2322 1424 2366 eam
1453 2301 1538 2366 nite·

492 2405 616 2470 bantur
637 2404 786 2470 demoliri
806 2425 865 2489 per
893 2402 1039 2489 injurias,
1063 2423 1122 2490 pro
1153 2403 1293 2469 maceria
1322 2423 1355 2468 se
1377 2403 1538 2490 opposuit,

493 2507 694 2592 exclusitque
727 2506 801 2570 illos
823 2525 944 2582 omnes,
970 2503 1034 2569 ¹ao
1057 2505 1180 2569 dietam
1211 2505 1343 2569 vineam
1373 2505 1538 2570 tutissime

492 2606 696 2673 defensavitl

525 2874 532 2902 ¹
545 2871 580 2922 od
589 2871 616 2922 in
626 2871 682 2923 ΜΒ.
1037 2869 1172 2934 supported
1183 2883 1216 2917 on
1226 2867 1268 2917 his
1284 2867 1353 2932 right
1363 2881 1425 2928 arm,
1435 2869 1486 2917 and
1500 2867 1539 2917 hia

525 2951 602 3002 ²Tlre
625 2951 741 3001 intended
764 2956 866 2999 context
889 2947 911 2996 is
934 2962 991 3011 pro·
1036 2946 1538 2998 min-eonaeoreredbencbbeforebim.

491 3029 568 3094 bably
587 3028 634 3079 left
657 3027 804 3078 unflnirhed.
839 3027 895 3076 'l'he
919 3033 992 3089 entry
1035 3025 1090 3076 The
1101 3025 1201 3091 virgin,
1211 3024 1272 3075 with
1281 3026 1324 3076 the
1333 3024 1538 3090 rightbandele-

492 3123 541 3159 war
563 3107 684 3172 probably
706 3109 780 3156 made
807 3119 871 3170 very
895 3104 992 3169 shortly
1034 3105 1146 3155 ratedin
1161 3104 1204 3155 the
1215 3111 1255 3154 aot
1266 3103 1296 3154 ol
1311 3103 1538 3164 benedictionum

490 3187 555 3238 alter
564 3189 653 3238 Abbot
662 3187 813 3251 Ramryge’s
823 3185 907 3246 death,
915 3185 992 3234 about
1035 3182 1097 3233 with
1106 3183 1149 3233 the
1160 3183 1239 3248 figure
1250 3181 1279 3232 of
1287 3181 1348 3232 llim
1360 3181 1485 3234 Crnoitied
1496 3183 1538 3232 be·

490 3265 560 3317 Μ).
572 3269 645 3316 1⁴28.
673 3265 710 3315 At
717 3259 762 3316 the'
768 3262 941 3330 beginningof
949 3262 991 3312 the
1034 3260 1089 3312 fore
1101 3259 1155 3324 ber,
1164 3275 1267 3326 appears
1278 3267 1305 3310 to
1316 3259 1408 3309 himin
1425 3259 1538 3324 glorified

490 3345 627 3410 tide,solio
639 3345 671 3394 47
681 3344 707 3406 b,
723 3344 792 3394 there
814 3341 884 3392 isan
901 3341 991 3392 illumi-
1035 3339 1108 3400 form,
1121 3341 1172 3391 and
1182 3340 1248 3390 troni
1264 3339 1304 3390 his
1314 3339 1362 3404 lips
1378 3340 1484 3404 prooeed
1494 3339 1538 3390 tlre

490 3425 565 3474 nated
573 3424 654 3484 letter,
662 3418 994 3485 witharepresentationof
1034 3419 1273 3470 words-“Some
1315 3417 1436 3480 Tenem,
1474 3434 1537 3466 m

490 3499 994 3566 theabbotkneeling,hispsswralsuff
1037 3497 1232 3560 Druanr'serer'
1243 3495 1320 3548 notis.
1353 3495 1537 3561 illinunt!
