3560 5838
647 843 826 896 mrumrx
850 827 916 915 (a).
1243 827 1306 891 461

307 1028 320 1068 ¹
336 1028 433 1108 Item,
449 1029 593 1107 tertium,
608 1029 768 1116 grandius
783 1029 848 1094 hiis
859 1027 997 1106 duobus,
1013 1025 1184 1113 magisque
1199 1047 1308 1113 sump-

260 1137 402 1210 tuosum,
426 1137 541 1197 contra
563 1131 761 1218 Episcopum
785 1130 1053 1216 Norwycensem,
1074 1129 1111 1193 in
1141 1128 1307 1194 defensam

263 1233 386 1300 Prioris
416 1232 457 1299 de
488 1233 649 1320 Bynham,
673 1255 732 1320 pro
761 1231 969 1319 impositione
999 1230 1200 1297 collectionis
1223 1230 1309 1295 deci·

262 1357 412 1417 marum;
450 1335 487 1400 in
518 1356 583 1420 quo
613 1335 742 1420 placito,
767 1334 845 1400 lieet
875 1354 942 1399 non
978 1332 1102 1415 absque
1132 1330 1307 1410 laboribus,

263 1437 477 1524 expensisque
516 1437 678 1515 maximis,
709 1457 782 1503 cum
820 1435 972 1502 faverent
1009 1435 1097 1521 parti
1135 1433 1309 1499 contrariae

263 1559 375 1604 omnes
397 1539 492 1625 quasi
514 1539 618 1604 totius
641 1539 734 1624 regni
756 1536 926 1617 Praesules,
949 1535 1095 1601 finaliter
1125 1534 1172 1600 sie
1201 1532 1323 1600 eom,-

264 1640 361 1720 nuit3
383 1646 423 1705 ut
445 1640 546 1706 istum
569 1639 692 1705 nedum
714 1644 907 1706 exoneraret
928 1637 1076 1703 Priorem
1098 1636 1141 1702 ab
1156 1636 1310 1724 imposito

263 1762 370 1820 onere,
385 1738 590 1826 ³quinimmo
606 1741 752 1819 ulterius,
767 1762 843 1807 suos
864 1741 1019 1806 liberaret
1033 1739 1162 1805 Priores
1177 1743 1311 1805 caeteros

265 1865 286 1908 a
322 1843 417 1930 gravi
454 1841 742 1929 ⁴intolerabilique
779 1842 820 1908 de
858 1862 945 1907 anno
983 1841 1076 1928 quasi
1113 1842 1150 1906 in
1186 1862 1311 1906 annum

265 1944 448 2010 vexatione.

314 2043 429 2125 ⁵Item‚
445 2053 609 2131 quartum,
625 2046 708 2111 satis
718 2049 947 2132 sumptuosum
962 2043 1074 2125 etiam,
1090 2065 1166 2110 oum
1180 2043 1313 2110 Abbate

270 2147 558 2227 westmonasterii,
575 2169 633 2233 pro
657 2147 828 2213 theoloneo
844 2150 986 2213 retracto
1001 2169 1059 2234 per
1074 2167 1148 2212 suos
1162 2150 1313 2212 tenentes

267 2250 303 2314 in
325 2248 396 2315 foro
418 2249 508 2314 villae
532 2248 645 2314 Sancti
667 2249 809 2328 Albani3
831 2249 890 2316 sed
911 2249 1003 2315 istud
1025 2249 1098 2315 ideo
1120 2248 1313 2315 intermina-

268 2356 341 2422 tum
373 2351 517 2436 reliquit,
556 2352 635 2437 quia
668 2351 858 2438 supervenit
888 2351 1021 2417 caristia
1053 2353 1208 2430 maxima,
1239 2372 1314 2437 quae

268 2474 343 2519 eum
366 2475 464 2518 snum
494 2454 688 2519 continuare
717 2463 904 2541 processum
927 2454 1090 2540 usquein
1111 2458 1242 2541 tempus
1265 2474 1314 2518 re-

269 2555 465 2643 signationis
488 2555 603 2643 coegit.

314 2655 434 2736 ⁰Item‚
451 2658 616 2745 quintum,
640 2679 716 2724 cum
727 2657 859 2724 Abbate
882 2657 1005 2736 eodem,
1021 2679 1080 2744 pro
1095 2657 1316 2744 prostratione

270 2755 444 2826 furcarum
473 2760 510 2824 in
547 2759 674 2838 bruera,
713 2765 829 2826 vocata
865 2759 1046 2847 vulgariter
1080 2766 1097 2793 “
1111 2759 1317 2846 Nomannes-

272 2866 291 2896 “
313 2860 431 2943 londo,
471 2861 559 2948 quod
581 2861 695 2948 itaque
718 2867 787 2926 tam
808 2865 961 2949 potenter
982 2861 1105 2948 legitur
1127 2861 1317 2937 defendisse,

271 2968 311 3030 ut
339 2971 374 3030 et
403 2984 515 3029 servos
538 2962 620 3031 dicti
642 2962 785 3029 Abbatis
807 2962 843 3029 in
865 2963 965 3032 Curia
996 2963 1214 3030 Maresoaleiae
1242 2984 1318 3030 con-

272 3065 429 3145 vinceret,
451 3067 653 3152 acquietaret
689 3086 769 3131 vero
802 3065 959 3154 proprios,
992 3085 1030 3130 ac
1066 3065 1318 3152 prostrationem

272 3167 405 3248 licitam,
428 3167 508 3253 quia
529 3168 565 3232 in
588 3167 670 3232 solio
691 3167 832 3254 proprio,
854 3167 953 3233 fuisse
980 3167 1139 3253 probaret

319 3269 423 3347 Item,¹
444 3273 585 3347 sextum,
609 3291 683 3334 oum
714 3269 858 3335 Domino
892 3269 991 3356 Rege,
1022 3291 1081 3356 pro
1119 3266 1319 3347 deodandis3

274 3371 361 3456 quod
376 3371 478 3436 finem
494 3370 620 3449 habuit,
635 3369 831 3457 penitusque
846 3370 1043 3456 conquievit,
1057 3371 1093 3435 in
1108 3368 1321 3437 renovatione

275 3471 408 3539 Chartae
421 3471 522 3559 regiae
544 3471 727 3538 libertatis:
751 3477 785 3538 et
799 3471 884 3540 eirca
905 3471 1028 3559 placita
1050 3472 1115 3538 ista
1129 3471 1321 3560 expendisse

275 3572 380 3639 fertur
401 3572 492 3638 ultra
514 3573 673 3639 ducentas
696 3573 796 3640 libras
819 3579 853 3640 et
875 3573 1104 3662 quadraginta

320 3673 439 3754 ⁷item,
461 3676 549 3742 idem
564 3676 679 3742 Abbas
700 3676 768 3743 suis
789 3677 826 3742 in
848 3676 1049 3764 temporibus
1072 3679 1250 3742 tractatum
1264 3674 1322 3756 ha-

275 3777 349 3843 buit
367 3797 480 3858 unum,
497 3777 662 3864 prolixum
685 3777 775 3855 satis,
790 3781 826 3842 et
847 3782 1085 3864 sumptuosum,
1100 3799 1175 3843 oum
1190 3777 1323 3843 domino

276 3878 415 3944 manerii
437 3878 479 3945 de
509 3879 558 3943 La
588 3879 709 3957 Moore,
731 3899 829 3964 super
851 3879 953 3944 variis
974 3900 1033 3965 per
1055 3901 1129 3944 eum
1151 3877 1304 3943 retractis
1316 3902 1325 3956 ;

277 4002 373 4067 quem
396 3981 530 4046 tandem
553 3981 597 4046 ad
611 3980 700 4046 hunc
715 3979 870 4066 perduxit
884 3979 992 4060 finem,
1010 3984 1050 4045 ut
1069 3979 1158 4044 idem
1172 3979 1324 4045 dominus

278 4082 341 4148 sibi
375 4081 566 4169 homagium
596 4080 632 4145 in
665 4080 841 4168 praesentia
875 4080 1035 4168 Capitalis
1066 4079 1252 4147 Justieiarii
1283 4079 1324 4146 de

313 4330 320 4363 ¹
332 4329 624 4395 PriordeBpmlnmmm
632 4330 779 4396 impositione
858 4329 868 4363 ⁵
885 4327 1038 4380 Theodosiana
1055 4331 1081 4380 in
1096 4331 1158 4394 soro
1177 4329 1265 4381 Sancti
1280 4329 1326 4382 Al-

277 4407 425 4459 ccllectioar'a
447 4407 599 4458 decimarum.
610 4437 643 4446 —
653 4407 780 4475 Marginal
826 4407 1056 4476 tunebregiae
1066 4410 1140 4461 Note.

279 4487 355 4540 Note.
860 4487 1099 4541 ‘Nonumuclonda
1131 4517 1165 4527 -
1197 4489 1326 4556 Margiual

313 4565 324 4598 ²
333 4563 439 4631 optinuit
448 4563 474 4615 in
485 4565 542 4616 MS.
827 4567 902 4620 Note.

314 4645 444 4710 'quanam
455 4643 480 4694 in
491 4645 548 4695 MS.
861 4645 872 4683 ⁷
885 4645 1005 4697 Dorulaus
1013 4649 1116 4699 manera
1125 4645 1328 4700 &Ladios-c.-

315 4721 535 4789 ⁴ec11eatuique
547 4724 573 4774 in
585 4724 641 4776 MS.
829 4724 957 4792 Magna
967 4724 1042 4778 Note.
