3588 5838
451 856 494 920 22
783 873 981 926 nsorsrnuu
1003 873 1161 926 susurru

282 1067 468 1137 AD.1452.“
489 1083 527 1127 ec
549 1061 650 1128 etiem
680 1061 885 1144 intentionis,
909 1064 997 1131 huno
1018 1065 1156 1132 fratrem
1179 1063 1276 1132 vobis
1299 1065 1497 1155 inpetrem,

449 1167 710 1252 “sponsumque
745 1166 895 1248 eeclesiae,
934 1165 981 1233 sic
1021 1168 1152 1256 eligere,
1190 1169 1249 1256 qui
1289 1190 1497 1256 nequequam

448 1271 467 1302 “
488 1266 625 1334 haberet
647 1289 755 1334 cotem
786 1268 881 1334 vobis
904 1291 1025 1366 ponere
1049 1269 1181 1358 1primo
1213 1270 1331 1338 vinum
1361 1273 1494 1352 bonum,

449 1375 467 1404 “
490 1370 547 1436 sed
568 1370 741 1458 posterius,
758 1393 832 1437 cum
847 1371 1001 1439 inebriati
1019 1375 1143 1454 essetis,
1158 1379 1238 1440 tuno
1252 1374 1289 1439 id
1303 1375 1393 1461 quod
1407 1374 1496 1441 dete-

448 1476 556 1540 “rius
584 1473 757 1542 videretur
794 1497 889 1558 esse;
929 1473 1055 1542 2immo
1093 1477 1212 1558 verius,
1251 1481 1327 1564 post
1363 1478 1495 1558 bonum,

448 1583 466 1610 “
488 1578 605 1643 melius
628 1583 662 1643 et
684 1577 809 1657 melius,
825 1578 936 1665 sicque
957 1579 1114 1648 continue
1136 1579 1309 1645 escendere
1331 1601 1496 1667 compute

448 1684 466 1714 “
488 1679 568 1760 tivo,
600 1701 769 1767 quousque
800 1681 1002 1768 pertingeret
1035 1681 1078 1746 sd
1111 1679 1323 1770 ³supremum
1354 1682 1497 1769 superle

448 1787 466 1816 “
489 1783 598 1848 tionis.
637 1783 787 1862 Utinem‚
803 1783 930 1862 fratres,
945 1784 1083 1863 utinam,
1099 1784 1239 1863 utinam,
1255 1805 1316 1849 nos
1330 1785 1494 1866 sciremus,

448 1889 465 1920 “
488 1885 557 1950 sive
571 1885 800 1967 sufficeremus,
815 1907 884 1952 esse
899 1885 994 1952 vobis
1008 1891 1103 1974 peter
1117 1887 1202 1954 tulis.
1248 1885 1282 1951 N
1283 1887 1355 1952 ovit
1370 1891 1495 1952 scrute-

446 1996 464 2022 ‘¹
487 1993 540 2052 tor
571 1987 718 2053 cordium
741 1986 831 2054 Deus
853 2011 896 2053 ex
917 1993 991 2054 toto
1013 1989 1117 2068 corde,
1148 2011 1191 2054 ex
1215 1993 1287 2054 tote
1310 1996 1427 2071 mente,
1451 2011 1493 2056 cx

447 2095 465 2122 “
489 2089 705 2176 omnibusque
727 2091 849 2156 nostris
873 2091 1008 2170 viribus,
1032 2091 1109 2157 telis
1131 2091 1227 2157 vobis
1250 2113 1318 2158 csse
1344 2092 1492 2158 velimus.

445 2189 553 2256 “Sed
584 2212 706 2273 revere,
729 2193 855 2274 fretres,
878 2199 932 2260 tot
963 2199 997 2259 et
1030 2199 1136 2273 tonte,
1169 2195 1257 2260 sicut
1287 2195 1369 2261 alies
1400 2193 1494 2260 vobis

446 2303 462 2330 “
486 2293 642 2374 diximus,
680 2295 894 2362 circumstent
936 2300 1085 2361 nostrem
1125 2317 1296 2382 personam
1337 2296 1490 2362 miserem

446 2403 465 2433 “
487 2399 666 2464 senectutis
687 2400 901 2475 incommode„
926 2398 1250 2492 praepedimenteque
1272 2399 1490 2486 aegritudinis,

447 2506 463 2534 “
487 2501 576 2586 quod
597 2501 789 2566 nullatenus
819 2501 946 2588 plaeere
977 2501 1048 2566 sive
1070 2501 1223 2588 prodesse
1245 2501 1341 2568 vobis
1373 2503 1493 2588 poteri-

446 2607 464 2638 “
487 2627 568 2682 mus
593 2604 867 2691 quemadmodum
891 2604 1095 2670 visceraliter
1117 2608 1334 2691 peroptemus.
1375 2604 1491 2690 Igitur,

446 2709 525 2771 “ut
547 2707 647 2793 prius,
671 2706 749 2773 licet
778 2711 917 2772 truncus
948 2706 1077 2772 inutilis
1109 2705 1204 2772 vobis
1234 2706 1401 2788 fuerimus,
1423 2707 1493 2773 sive

444 2814 462 2844 ‘⁴
483 2807 573 2874 conis
604 2813 720 2875 contre
750 2830 901 2875 excessus
934 2814 970 2875 et
1004 2809 1125 2876 ebusus
1159 2809 1195 2874 in
1227 2808 1386 2896 religione
1423 2830 1490 2874 non

443 2912 627 2979 “multum
656 2911 741 2979 bene
777 2911 898 2979 lutrorc
931 2913 1088 2993 valentes,
1122 2933 1190 2978 non
1226 2912 1330 2992 nobis,
1357 2909 1489 2991 'immo

442 3015 698 3082 “incommodis
734 3016 827 3104 prius
864 3015 970 3095 dictis,
1008 3037 1083 3102 quae
1123 3015 1219 3081 nobis
1260 3015 1490 3101 surripuerunt

441 3127 460 3155 “
483 3139 595 3184 omncs
624 3141 706 3205 pene
738 3123 809 3185 tum
833 3119 921 3183 vires
955 3118 1098 3207 corporis
1130 3140 1230 3204 quem
1253 3119 1354 3183 etiem
1376 3139 1490 3183 sensus

442 3225 463 3254 “
484 3221 611 3308 cepitis,
628 3241 815 3308 quaesumus
837 3220 1017 3288 ascribatis.
1057 3219 1130 3286 Ubi
1152 3221 1240 3286 enim
1262 3224 1419 3297 senectus,
1440 3218 1490 3285 ibi

441 3331 460 3360 “
481 3323 687 3410 impotentis,
704 3323 828 3408 ubique
843 3323 1029 3400 infirmitas,
1051 3323 1100 3388 ibi
1122 3321 1329 3410 indispositio
1351 3322 1394 3387 sd
1416 3343 1489 3409 pro-

441 3425 663 3491 “cedendum
694 3424 912 3490 effectualiter
942 3426 979 3490 in
1010 3425 1079 3490 ulls
1111 3425 1299 3512 operatione
1320 3423 1489 3503 laudabili,

372 3575 375 3580 -
441 3536 459 3564 “
482 3528 559 3592 sive,
573 3529 730 3594 virtuose.
776 3525 1035 3606 *Nihilominus
1053 3527 1180 3606 fratres,
1208 3526 1288 3613 quie
1310 3526 1490 3592 senectutis

439 3637 457 3666 “
480 3629 633 3695 debilites
656 3629 838 3696 sustentari
862 3629 994 3716 poterit,
1018 3633 1053 3696 et
1078 3629 1195 3708 fulciri,
1219 3629 1389 3717 languoris
1411 3651 1489 3694 vero

439 3741 456 3769 “
478 3733 686 3799 imbecillitas
709 3734 817 3798 curari
849 3732 904 3798 vel
938 3734 974 3798 in
1008 3737 1088 3812 toto,
1111 3732 1166 3798 vel
1198 3731 1315 3797 saltem
1337 3731 1374 3797 in
1395 3737 1489 3819 perte

439 3843 455 3870 “
478 3835 636 3912 alleviari,
658 3857 812 3923 rogemus
834 3857 903 3914 vos,
925 3835 1054 3914 fratres,
1077 3856 1146 3900 esse
1171 3833 1268 3900 nobis
1290 3856 1350 3921 pro
1372 3833 1488 3899 beculo

435 3941 454 3973 “
479 3939 515 4003 in
547 3938 608 4004 hoc
638 3945 751 4004 nostro
773 3939 874 4019 senio,
898 3960 957 4025 pro
980 3936 1190 4026 apothecario
1213 3958 1292 4001 vero
1315 3936 1352 4000 in
1373 3935 1488 4001 morbo

439 4049 456 4076 “
479 4046 592 4106 nostro
614 4041 830 4128 gravissim03
859 4045 895 4107 et
916 4041 1076 4118 volumus,
1100 4061 1159 4126 per
1181 4037 1246 4104 Dei
1267 4038 1418 4124 gretiam,
1442 4039 1488 4104 sie

438 4151 455 4178 “
478 4143 561 4208 lvos
583 4165 703 4230 regere,
726 4143 814 4230 quod
836 4164 896 4208 nec
917 4141 1100 4208 retrocedet
1120 4139 1235 4228 religio
1251 4141 1294 4205 ed
1315 4139 1411 4222 infre,
1426 4161 1487 4206 nec

436 4251 453 4281 “
476 4246 662 4311 sollicitudo
692 4245 735 4311 ed
769 4249 874 4326 extre,
897 4266 958 4311 neo
982 4245 1094 4331 eliqua
1125 4265 1176 4310 res
1199 4241 1266 4308 elio
1292 4264 1367 4329 quse
1390 4242 1485 4310 vobis

435 4348 671 4435 “regulariter
706 4347 859 4435 prodesse
898 4347 1032 4435 poterit,
1070 4352 1131 4412 eut
1170 4344 1323 4412 conferre
1386 4346 1484 4427 Quod

434 4457 450 4485 “
473 4455 607 4538 praestet
630 4451 721 4516 Deus
743 4449 800 4516 ille
822 4435 997 4539 propitius,
1021 4454 1056 4516 et
1089 4453 1228 4530 ennust,
1251 4449 1310 4535 qui
1335 4453 1482 4514 nostram

603 4593 710 4598 --,.-..
888 4593 1076 4600 ‚ww-.-

468 4663 517 4712 ¹1n
529 4661 635 4713 allusion
647 4663 752 4716 toJolm
764 4663 790 4713 ii.
804 4669 844 4714 lo.
1010 4661 1249 4713 ‘Niclrilominusin
1260 4661 1317 4713 MS.

554 4741 559 4752 '
1011 4744 1020 4772 ³
1031 4741 1186 4808 Apparently
1198 4747 1214 4772 ‘⁴
1222 4741 1283 4793 ποθ’
1293 4741 1320 4792 in
1332 4741 1389 4793 MS.
