3640 5842
509 896 694 971 ¹tonsurus
717 895 1000 946 vnarmusrnnn
1021 895 1197 946 srcurnn.
1312 881 1375 946 349

332 1096 351 1122 “
374 1087 563 1152 ¹acerrimis
594 1086 806 1166 ¹coercendi3
835 1087 894 1152 ubi
923 1093 1035 1152 tamen
1066 1086 1257 1152 ²contcrriti
1289 1089 1377 1164 sunt,
1391 1101 1459 1152 Μ).
1474 1106 1544 1150 1459.

334 1196 352 1224 “
375 1195 409 1254 et
431 1190 576 1269 contriti,
591 1192 627 1254 in
642 1190 856 1274 omnibusque
871 1188 913 1252 ad
929 1189 1151 1254 obedientiam
1167 1188 1246 1252 satis
1262 1183 1378 1273 parati,

336 1297 353 1324 “
377 1292 521 1356 ibicum
545 1292 635 1356 omni
658 1291 922 1370 mansuetudine,
945 1312 1019 1355 cum
1048 1311 1176 1354 summa
1198 1289 1380 1366 clementia,

333 1401 351 1428 “
374 1415 447 1457 cum
478 1395 686 1478 maximaque
716 1393 862 1472 lenitate,
886 1397 970 1457 sunt
994 1392 1068 1478 ipsi,
1096 1397 1225 1456 servato
1255 1413 1381 1477 semper

335 1502 352 1528 “
375 1495 605 1572 moderamine,
642 1495 867 1582 pertractandi
879 1517 887 1572 ;
921 1494 1007 1578 quia,
1044 1516 1117 1560 cum
1155 1493 1380 1580 supervenerit

336 1603 352 1630 “
375 1597 599 1672 mansuetudo,
618 1601 706 1673 tunc,
734 1601 773 1661 ut
799 1616 858 1682 per
880 1595 1086 1660 Psalmistam
1111 1593 1380 1673 dicitu1·,melius

336 1706 354 1734 ‘¹
377 1719 436 1762 nos
459 1684 676 1785 corripiemur.
723 1698 839 1785 Igitur,
863 1695 1028 1784 Princeps
1043 1719 1117 1763 curn
1141 1697 1260 1777 taliter,
1282 1702 1381 1783 prout

335 1809 353 1834 “
375 1805 531 1886 speratur,
553 1799 747 1866 ³conterriti
778 1805 858 1866 sunt
883 1799 940 1864 isti
962 1800 1106 1877 Domini,
1129 1806 1164 1864 et
1186 1799 1322 1864 contriti
1344 1798 1380 1861 in

336 1911 353 1936 “
377 1902 537 1982 omnibus,
555 1903 597 1966 ad
612 1902 896 1988 obediendumque
918 1903 1035 1987 parati,
1051 1907 1144 1967 utere
1159 1901 1260 1967 etiam
1276 1901 1380 1965 ineos

336 2011 354 2039 “
376 2004 638 2084 mansuetudine,
675 2013 909 2090 mansuetoque
947 1989 1059 2089 potius¹
1094 2025 1192 2087 quam
1230 2001 1380 2067 malivole

336 2115 355 2140 ‘¹
377 2105 514 2191 procede
537 2106 572 2169 in
589 2105 716 2192 judicio
738 2110 852 2170 contra
875 2127 936 2170 eos.

382 2213 399 2242 “
412 2208 569 2287 Secunda,
597 2208 804 2274 sia-Docet
838 2209 977 2294 probata
1008 2208 1205 2272 medicorum
1228 2206 1379 2294 practica,

338 2317 355 2346 “
380 2311 437 2374 ubi
461 2311 586 2376 usitata
608 2312 857 2396 communiaque
879 2311 1022 2376 remedia
1043 2333 1111 2377 non
1133 2311 1318 2398 proficiunt,
1333 2309 1380 2374 ibi

337 2420 355 2447 “
377 2413 513 2498 expedit
536 2411 727 2478 4attentare
742 2415 914 2491 contraria,
930 2418 964 2478 et
978 2413 1119 2499 experiri
1134 2435 1178 2476 an
1200 2412 1257 2477 illa
1271 2413 1307 2476 in
1322 2411 1382 2476 ali-

338 2522 355 2548 “
379 2535 443 2598 quo
465 2515 616 2604 prodesse
636 2521 784 2602 'possunt
832 2515 904 2581 Hac
926 2521 1004 2592 arte,
1025 2515 1187 2600 Princeps,
1211 2536 1289 2579 usus
1311 2519 1383 2578 erat

338 2621 357 2649 “
380 2617 459 2681 olim
491 2617 600 2684 Caesar
628 2618 800 2705 Augustus
834 2618 868 2682 in
904 2618 1040 2682 Lucium
1072 2616 1243 2694 ⁵Oinnam,
1273 2615 1381 2681 virum

339 2725 356 2750 ‘¹
379 2717 570 2783 seditiosum
592 2719 697 2798 valde,
721 2725 755 2785 et
777 2720 962 2806 proditione
985 2741 1086 2798 reum,
1110 2739 1248 2803 eumque
1270 2717 1311 2783 de
1332 2717 1384 2781 in·

336 2826 356 2854 “
378 2821 564 2885 imicissimo
587 2821 666 2887 fecit
687 2843 755 2886 esse
770 2822 1010 2898 amicissimum,
1033 2843 1070 2884 ac
1091 2821 1125 2885 in
1150 2819 1302 2886 omnibus
1323 2841 1382 2905 pro

338 2927 457 2986 “voto
492 2924 653 3008 posterius
683 2923 921 3008 obsequiosum.
972 2923 1045 2986 Hac
1074 2929 1144 2988 arte
1174 2922 1275 2986 etiam
1304 2941 1382 2986 usus

339 3030 357 3057 “
381 3030 452 3088 erat
484 3024 563 3088 olim
599 3025 719 3090 Furius
750 3025 910 3092 Camillus
939 3026 975 3090 in
1006 3024 1157 3104 Faliscos,
1188 3024 1275 3089 cives
1304 3023 1383 3089 lieet

338 3131 356 3159 “
379 3125 533 3202 obsessos,
550 3126 647 3192 valde
670 3133 781 3192 tamen
804 3127 947 3206 rebelles,
963 3132 998 3192 et
1014 3127 1048 3190 in
1070 3147 1103 3191 se
1125 3124 1382 3203 contumeliosos,

338 3227 529 3312 “ipsosque
556 3229 699 3307 tandem,
724 3229 764 3294 de
787 3220 883 3296 elatis
905 3233 941 3294 et
962 3229 1135 3308 induratis,
1159 3227 1271 3293 molles
1296 3227 1383 3304 fecit,

338 3337 355 3364 ‘¹
378 3333 413 3393 et
434 3328 604 3409 flexibiles,
627 3331 677 3396 ita
691 3339 730 3395 ut
745 3341 863 3418 sponte
885 3353 920 3396 se
942 3331 1184 3410 submitterent,
1206 3351 1304 3414 seque
1319 3329 1383 3396 sibi

337 3431 563 3496 “subservire
596 3432 760 3519 posterius
791 3433 916 3518 pariter
948 3433 1163 3518 conjurarent.
1210 3433 1283 3498 Hac
1312 3438 1384 3496 arte

339 3540 356 3566 “
379 3533 513 3619 insuper
542 3556 621 3599 usus
652 3539 722 3599 erat
752 3533 823 3598 dux
852 3533 991 3620 insignis
1017 3534 1187 3601 Fabricius
1220 3536 1257 3598 in
1278 3531 1385 3618 ⁶Pyr-

315 3642 356 3696 .“
379 3634 485 3714 rhum,
508 3635 718 3720 Epirotarum
744 3635 931 3723 principem,
947 3657 1086 3722 eumque
1102 3637 1142 3702 de
1156 3637 1250 3702 hoste
1273 3637 1384 3703 saevis-

341 3742 359 3770 “
382 3736 464 3801 simo
486 3736 565 3802 fecit
595 3759 662 3802 esse
685 3759 794 3824 regem
825 3737 1005 3824 pacificum,
1027 3760 1065 3804 ac
1087 3740 1269 3803 maximum
1304 3739 1384 3803 ami-

341 3843 358 3872 “
381 3859 455 3902 cum
470 3838 702 3905 Romanorum.
749 3840 821 3904 Hac
836 3846 908 3905 arte
930 3845 1092 3926 praeterea
1113 3863 1192 3906 usus
1214 3848 1285 3906 erat
1307 3840 1385 3904 olim

341 3945 360 3974 “
383 3939 524 4006 Senatus
558 3941 726 4006 Romanus
763 3942 800 4006 in
833 3939 1153 4028 ⁷Oarthaginienses
1190 3963 1308 4028 eoaque
1346 3942 1386 4006 de

340 4041 531 4108 “hostibus
554 4041 753 4122 ¹acerrimis,
776 4049 810 4108 et
832 4043 998 4110 Romanos
1027 4044 1170 4109 maxime
1199 4043 1386 4109 infestanti·

340 4149 359 4177 “
381 4143 453 4223 bus,
476 4145 618 4210 attraxit
640 4146 682 4210 ad
706 4149 836 4209 tantam
859 4146 1001 4232 gratiam
1024 4146 1326 4232 congratulationis,
1348 4150 1387 4210 ut

341 4246 569 4312 “exaltarent
600 4247 664 4334 ipsi
695 4247 855 4333 posterius
888 4269 962 4312 suas
985 4269 1086 4325 voces,
1108 4254 1142 4313 et
1172 4247 1325 4322 dicerent,
1347 4255 1387 4313 ut

340 4348 495 4413 “scribit
517 4347 678 4428 Valerius,
702 4350 762 4414 sub
789 4349 854 4414 hiis
885 4349 1130 4427 verbis;-⁸‘O
1162 4349 1387 4416 munificentia

374 4535 505 4586 ¹uccrimr's
516 4535 543 4586 in
555 4535 610 4586 MS.
860 4553 864 4614 1
922 4535 1043 4587 ‘unam
1054 4537 1147 4588 inMS.

373 4615 384 4648 ²
395 4615 534 4665 cohercendi
545 4615 571 4664 in
583 4615 638 4666 MS.
861 4623 865 4646 '
920 4615 930 4653 7
945 4616 1136 4681 Cartrqinensee
1146 4617 1172 4666 iu
1183 4617 1240 4670 MS.

373 4695 506 4744 ³c0aterin'
517 4695 610 4746 inMS.
920 4694 1058 4746 ⁸Valerius
1065 4695 1384 4760 MaximuaMaaorutilio,

373 4773 384 4804 ⁴
396 4779 539 4838 attemptare
549 4773 575 4822 in
586 4773 643 4824 MS.
863 4775 867 4825 i
888 4774 917 4823 1.
925 4789 949 4822 v.
962 4789 983 4823 c.
995 4775 1011 4824 i.

373 4852 493 4902 ‘Annam
504 4853 530 4901 in
540 4853 597 4904 MS.
864 4831 867 4911 i
