3588 5838
465 908 506 970 16
797 919 992 969 ansrsunuu
1015 919 1173 970 renarras

296 1120 364 1173 Am.
378 1125 450 1173 rasa.
465 1111 483 1140 “
504 1105 634 1172 residuo
649 1105 832 1186 Conventu,
848 1129 952 1194 usque
974 1107 1017 1172 ad
1040 1107 1146 1194 majus
1168 1106 1291 1188 altare3
1313 1107 1370 1172 ubi
1392 1107 1508 1172 hones·

463 1213 481 1242 “
504 1208 581 1274 tiori
610 1208 707 1274 modo
738 1209 878 1275 scabello
908 1231 967 1296 pro
997 1231 1035 1276 eo
1065 1215 1187 1297 parato,
1217 1210 1366 1276 fecenrnt
1400 1211 1507 1296 ipsum

464 1317 481 1343 “
502 1311 729 1398 genuflectere,
746 1313 782 1376 in
803 1311 1017 1399 precibusque
1033 1319 1068 1378 et
1089 1313 1244 1399 lacrymis
1267 1313 1402 1390 ibidem,
1426 1311 1505 1376 dum

464 1419 481 1445 “
503 1413 700 1478 cantabatur
722 1411 903 1500 ¹Hymnus
927 1414 1043 1494 dictura,
1068 1419 1247 1502 expectare.
1293 1414 1369 1502 Ipso
1392 1414 1507 1500 utique

464 1523 481 1548 “
502 1515 686 1596 decantata,
717 1521 752 1581 et
782 1517 930 1583 oratione
960 1517 1109 1604 quadam,
1133 1522 1173 1583 ut
1201 1523 1251 1584 est
1280 1518 1390 1595 moris,
1412 1539 1510 1603 super

463 1625 479 1650 “
503 1617 611 1705 ipsum
634 1619 775 1686 electum
799 1619 896 1698 dicta,
916 1618 1064 1686 fecerunt
1087 1641 1161 1685 eum
1184 1641 1323 1708 surgere,
1347 1625 1507 1704 stareque,

461 1728 479 1754 “
501 1719 599 1786 vultu
622 1743 716 1788 verso
739 1743 853 1787 versus
875 1722 1018 1800 chorum,
1042 1711 1091 1788 ita
1120 1727 1160 1788 ut
1191 1726 1282 1788 totus
1311 1722 1449 1809 populus
1472 1721 1507 1784 in

461 1829 478 1856 “
501 1845 576 1888 eum
606 1824 748 1910 aspicere
777 1829 895 1912 posset,
927 1829 961 1890 et
983 1825 1104 1892 videre.
1152 1825 1225 1905 Quo
1254 1825 1301 1889 sic
1329 1829 1448 1902 stante,
1473 1828 1508 1888 et

458 1930 477 1959 “
499 1925 621 2013 populo
642 1926 679 1990 in
702 1948 777 1992 aum
800 1927 1002 2014 respiciente,
1017 1927 1182 1994 antefatus
1206 1927 1324 1993 Frater
1339 1925 1510 1996 Johannes.

459 2035 476 2060 “
500 2027 663 2108 Hatfelds
680 2031 929 2096 commonachus
947 2036 1068 2113 noster,
1083 2036 1117 2096 et
1133 2029 1304 2108 confrater,
1327 2029 1367 2096 de
1390 2028 1507 2094 volun·

459 2137 476 2162 “
498 2135 576 2210 tate,
591 2153 734 2215 assensn,
749 2139 784 2199 et
799 2132 964 2211 mandato,
979 2133 1128 2199 omnium
1143 2138 1293 2199 nostrum
1305 2131 1507 2198 confratrum

460 2238 477 2268 “
499 2234 741 2319 praedictorum,
765 2235 906 2323 praefato
932 2234 1034 2302 electo
1064 2235 1234 2302 duntaxat
1256 2239 1402 2322 excepto,
1427 2233 1507 2299 elec·

459 2343 476 2370 “
498 2337 621 2404 tionem
638 2339 837 2426 praedictam,
849 2345 885 2405 et
900 2339 971 2425 ejus
986 2338 1132 2418 formam,
1145 2344 1180 2404 et
1191 2360 1290 2425 quam
1305 2336 1507 2404 concorditer

459 2443 478 2474 “
501 2461 538 2505 ac
560 2441 702 2527 gratiosa
724 2441 833 2507 fuerat
850 2441 1022 2520 celebrata,
1037 2463 1146 2507 coram
1169 2441 1255 2506 clero
1269 2445 1304 2506 et
1319 2440 1448 2528 populo,
1469 2439 1504 2503 in

458 2547 476 2576 “
499 2542 714 2609 multitudine
743 2543 874 2631 copiosa
896 2550 977 2610 tunc
999 2543 1121 2610 ibidem
1144 2549 1313 2632 praesente,
1336 2543 1373 2607 in
1394 2542 1507 2629 lingua

459 2651 476 2678 “
498 2645 635 2732 vulgari,
659 2651 820 2733 quatenus
847 2647 995 2734 oportuit
1018 2651 1053 2711 et
1076 2645 1195 2725 decuit,
1218 2645 1414 2732 quantocius
1435 2645 1507 2709 ²so-

458 2751 476 2781 “
498 2747 650 2814 lemniter
673 2749 865 2836 publicavit,
880 2754 915 2816 et
938 2749 1091 2836 exposuit
1112 2749 1266 2816 seriatim.
1312 2747 1442 2830 Quibus
1457 2747 1507 2811 ita

458 2857 475 2882 “
496 2851 608 2938 gestis,
641 2873 701 2918 nos
735 2873 855 2932 omnes,
887 2851 1065 2918 confratres
1096 2855 1132 2917 et
1163 2849 1385 2917 commonachi
1416 2851 1506 2937 prius

457 2958 475 2986 “
497 2953 587 3032 dicti,
604 2955 663 3040 qui
685 2954 722 3020 in
743 2954 934 3043 hujusmodi
956 2954 1128 3020 electionis
1149 2954 1284 3041 negotio
1299 2957 1334 3020 et
1348 2953 1385 3017 in
1399 2953 1506 3018 Domo

457 3061 476 3088 “
497 3054 680 3143 Capitulari
702 3057 794 3144 prius
817 3056 908 3125 dicte
930 3057 1150 3136 interfuimus,
1169 3056 1213 3120 ad
1235 3056 1340 3143 ipsam
1362 3054 1506 3120 Domum

456 3165 473 3192 “
499 3156 724 3245 Capitularem
753 3181 866 3226 rursus
902 3160 1091 3238 redivimus,
1118 3165 1361 3246 praesentesque
1383 3157 1505 3224 ibidem

457 3265 474 3294 “
498 3281 619 3340 omnes,
643 3261 714 3348 ipso
738 3260 855 3327 Fratre
876 3261 1029 3328 Johanne
1055 3261 1320 3328 Whethamstede
1342 3260 1506 3326 duntaxat

457 3369 475 3396 “
498 3368 643 3450 excepto,
666 3364 723 3448 qui
746 3369 820 3450 post
843 3364 913 3430 haec
939 3363 1078 3430 divertit
1100 3385 1135 3429 se
1156 3364 1199 3429 ad
1221 3385 1382 3430 cameram
1404 3385 1504 3442 suam,

457 3470 474 3602 Ξ(
492 3464 592 3633 Jufigtta
616 3464 839 3634 hiiffiam
862 3466 1180 3634 εἱὲιίἓὺαωξὶᾎθοὺοε
1197 3467 1293 3634 ηὲίῦἰε
1315 3467 1365 3635 irtre
1374 3465 1506 3634 Othto

467 3573 474 3600 ‘
565 3589 623 3646 res,
728 3590 746 3633 e
794 3590 850 3634 um
953 3591 1004 3650 on,
1063 3591 1182 3635 norem
1251 3591 1330 3635 onas
1366 3591 1416 3647 ru,
1471 3590 1506 3635 o-

456 3677 473 3702 “
495 3670 637 3736 hannem
671 3671 832 3759 Iaugton,
864 3671 1010 3737 Priorem
1043 3672 1083 3736 de
1113 3672 1332 3758 Tynemutha,
1363 3677 1398 3737 et
1424 3670 1506 3735 wil-

456 3779 473 3804 “
495 3771 629 3837 lelmum
644 3771 859 3860 Walingford,
876 3773 1165 3855 Archidiaconum,
1180 3783 1309 3840 nostros
1324 3773 1504 3840 confratres

454 3879 472 3909 “
495 3879 530 3940 et
544 3877 798 3954 commonachos,
815 3887 896 3942 tuno
911 3866 1053 3942 indicta
1067 3877 1173 3942 Domo
1189 3877 1371 3964 Capitulari
1393 3877 1504 3942 nobis·

454 3983 472 4011 “
494 3999 568 4044 cum
592 3979 799 4060 constitutos,
823 3985 858 4045 et
880 3980 1076 4044 mandatum
1098 3983 1249 4045 nostrum
1271 3979 1308 4044 in
1329 3979 1391 4046 hac
1409 3984 1502 4066 parte

454 4079 530 4144 “in
559 4101 594 4146 se
622 4086 792 4168 gratanter
822 4087 857 4147 et
884 4103 1035 4169 expresse
1065 4087 1277 4162 assumentes,
1300 4083 1503 4169 conjunctim

454 4186 473 4214 “
494 4187 529 4248 et
559 4182 702 4263 divisim,
738 4191 773 4250 et
810 4182 992 4270 quemlibet
1028 4185 1160 4251 illorum
1196 4186 1232 4250 in
1271 4185 1421 4263 solidum,
1461 4183 1504 4248 ad

452 4290 470 4318 “
492 4285 761 4370 praesentandum
783 4307 842 4372 pro
870 4287 966 4352 nobis
990 4290 1025 4354 et
1048 4287 1214 4374 Capitulo,
1238 4307 1296 4353 seu
1319 4285 1504 4362 conventu,

454 4391 472 4421 “
494 4387 652 4472 praedicto
676 4393 800 4470 nostro,
821 4393 856 4455 et
878 4411 991 4456 corum
1013 4391 1154 4470 nomine,
1180 4389 1320 4477 praefato
1344 4389 1504 4476 Magistro

453 4493 472 4524 “
495 4488 641 4554 Johanni
679 4489 959 4573 Whethamstede,
998 4493 1101 4558 electo
1145 4498 1267 4570 nostro,
1313 4491 1503 4558 electionem

455 4597 473 4626 “
496 4591 685 4678 hujusmodi
708 4593 749 4660 de
772 4617 805 4660 se
828 4593 959 4676 factam,
983 4617 1021 4661 ac
1042 4595 1085 4660 ad
1108 4594 1340 4682 requirendum
1362 4593 1502 4660 eundem

457 4749 620 4756 -.-——--—
643 4749 784 4757 -n--n---ffi
822 4751 906 4757 ..---
931 4751 1298 4758 -——-·--———·—---
1331 4749 1502 4757 .---.--

494 4829 499 4861 ¹
518 4827 609 4880 Yms
620 4830 645 4880 in
657 4831 712 4884 MS.
970 4831 976 4900 Ι
1023 4831 1200 4898 ²sclfmmnilcr
1210 4833 1237 4884 in
1248 4833 1303 4886 ΜΒ.
