3582 5838
433 893 498 966 174
765 909 964 961 nnorsrnuu
987 903 1144 960 nansrrn

261 1101 331 1154 An.
345 1106 418 1154 14⁵⁵·
430 1097 560 1177 dicitur,
582 1097 725 1178 ecclesia,
748 1121 807 1166 nec
829 1099 1029 1186 patiebatur,
1051 1103 1272 1186 praeterquam
1294 1097 1332 1164 iu
1351 1099 1478 1166 vincet

260 1186 400 1304 {min
429 1201 637 1282 victualibus,
659 1202 831 1290 dispendia
852 1201 921 1269 ulla
942 1224 1070 1290 magna.

263 1320 401 1385 aspiritof
476 1305 586 1383 Unde,
601 1306 680 1392 quia
701 1310 797 1372 tanta
811 1310 882 1371 tam
905 1306 1121 1393 gratuitaque
1144 1305 1263 1386 fuerat,
1280 1304 1479 1371 mediatione

260 1387 390 1504 m·
430 1408 482 1474 sui
497 1407 690 1496 lMartyris,
704 1410 741 1474 in
763 1409 979 1476 salvationem
1002 1431 1070 1476 suaa
1093 1409 1242 1488 ecclesiae,
1258 1408 1480 1474 misericordia

263 1520 418 1598 empuriis
430 1511 566 1577 Domini
589 1511 812 1592 Plasmatoris,
834 1512 909 1579 ideo
931 1513 969 1578 in
990 1511 1122 1578 laudem
1145 1514 1180 1578 et
1203 1510 1343 1599 gloriam
1357 1510 1479 1577 utrius-

261 1602 373 1640 menes
430 1634 502 1700 que,
524 1613 678 1681 scribitur
700 1615 839 1682 ulterius
861 1615 903 1680 de
925 1615 986 1682 hac
1006 1614 1148 1680 materia
1168 1614 1311 1695 metrice,
1329 1615 1391 1681 sub
1416 1615 1479 1680 hiis

430 1716 540 1784 verbis
553 1743 608 1782 :—

518 1822 607 1887 Dum
631 1821 740 1886 Maius
762 1820 890 1886 madidi
912 1821 974 1887 flos
996 1820 1112 1887 floruit
1132 1820 1296 1888 imbribus
1318 1820 1435 1888 Austri

518 1923 683 2007 Mollibus,
706 1929 740 1991 et
762 1921 956 2011 ²Zephyrus
978 1924 1143 1991 refoveret
1163 1923 1298 1990 flatibus
1320 1946 1425 2006 arvos,

518 2027 617 2092 Flora
638 2028 733 2094 velut
755 2028 867 2116 riguos
888 2026 999 2094 herbis
1021 2027 1187 2094 ditaverat
1210 2023 1367 2107 8hortos;

518 2129 599 2196 Post
620 2130 739 2218 glacies
760 2131 876 2218 inopes
897 2131 957 2196 hos
980 2130 1110 2210 fecerat,
1133 2136 1167 2197 et
1190 2130 1376 2217 locupletes,

519 2231 575 2298 sie
596 2233 720 2319 rapidis
742 2231 899 2302 *Stilbon
921 2233 1134 2320 praedonibus
1156 2231 1326 2320 ⁶undique
1340 2250 1478 2320 regnum

516 2334 735 2422 Repleratque
756 2334 866 2418 nimis,
890 2336 936 2402 sic
958 2337 1026 2403 late
1048 2334 1236 2424 6sparserat
1257 2337 1354 2423 ipsos,

519 2437 570 2502 Ut
592 2438 707 2504 villam
723 2437 863 2518 ‚tandem
885 2442 1003 2504 tantus
1024 2438 1218 2526 pervaderet
1240 2439 1339 2504 istam

517 2539 656 2606 illorum
678 2562 842 2620 numerus,
865 2541 954 2627 quod
975 2541 1036 2608 vix
1058 2541 1214 2608 evaderet
1234 2531 1329 2620 unus,

519 2642 609 2724 Quin
631 2643 772 2730 spolium
794 2643 907 2724 lueret
931 2643 1109 2731 spoliantes
1130 2644 1185 2710 vel
1206 2645 1393 2732 trepidaret

518 2745 650 2813 Accidit
673 2769 716 2812 ex
738 2769 836 2814 causa
857 2747 1010 2835 spoliatio
1032 2752 1103 2813 tam
1124 2748 1235 2834 gravis
1260 2747 1347 2829 ista;

517 2850 607 2916 Mars
629 2850 703 2916 coeli
725 2850 878 2917 dominus
899 2849 1009 2916 firerat
1029 2853 1120 2928 tuno,
1142 2853 1177 2916 et
1199 2871 1291 2916 soror
1312 2851 1391 2937 ejus,

519 2951 562 3023 In
583 2953 682 3019 terris
704 2954 838 3020 domina
859 2952 949 3033 belli,
973 2951 1172 3020 “Bellona’'
1193 2959 1319 3022 vocata.

519 3055 619 3122 Unde
641 3055 766 3121 malum
791 3055 915 3134 multis,
939 3055 1109 3143 signanter
1130 3056 1283 3142 partibus
1305 3055 1387 3134 istis,

520 3157 682 3246 Contigit,
705 3163 739 3224 et
761 3159 885 3225 bellum
907 3157 974 3224 fuit
994 3159 1071 3224 istic
1092 3158 1216 3246 grande
1238 3163 1427 3246 peractum3

520 3261 664 3350 Sanguis
686 3264 721 3326 et
743 3260 865 3328 effusus
886 3261 1019 3340 multus,
1044 3261 1124 3326 Dux
1146 3265 1181 3328 et
1198 3261 1380 3350 jugulatus,

519 3363 615 3428 Illius
636 3383 756 3450 pugnae
778 3364 836 3450 qui
858 3362 964 3429 fertur
985 3384 1082 3430 causa
1103 3362 1212 3430 fuisse.

520 3465 613 3531 Bello
635 3465 742 3548 finito,
765 3465 907 3552 strepitu
927 3486 1058 3553 quoque
1080 3465 1260 3552 pacificato,

519 3568 692 3634 Indultum
714 3573 765 3634 est
786 3569 915 3655 predas,
937 3569 1108 3656 praedones
1130 3570 1251 3657 quippe
1273 3569 1363 3636 fuere

519 3672 669 3738 Victores
691 3693 811 3752 omnes,
833 3671 918 3736 nulli
940 3671 1035 3758 quasi
1056 3673 1302 3759 compatientes.

519 3773 612 3840 Tune
627 3772 709 3853 Rex,
722 3779 804 3841 tunc
818 3795 975 3864 proceres,
989 3780 1071 3842 tunc
1085 3773 1204 3840 villani
1220 3795 1348 3863 quoque
1362 3773 1480 3862 plures,

519 3877 569 3942 Ac
591 3876 649 3942 alii
670 3876 766 3957 varii,
789 3877 926 3944 firsnmt
946 3876 1045 3943 rebus
1066 3876 1207 3964 spoliati.

519 3979 682 4047 Attamen
703 3980 844 4061 ecclesia,
869 3980 969 4046 simul
990 3979 1132 4047 ecclesiae
1154 3979 1243 4046 bona
1263 3983 1391 4062 cuneta,

520 4081 615 4148 Infra
636 4104 711 4170 quaa
733 4082 878 4161 fuerunt,
900 4081 962 4148 sub
985 4082 1199 4168 clausuraque
1216 4081 1380 4168 jacebant,

519 4185 715 4252 Mansemmt
736 4185 836 4265 salva,
858 4206 919 4250 nec
940 4184 972 4250 ei
993 4205 1044 4250 res
1066 4183 1174 4251 defuit
1194 4184 1274 4252 ulla.
1315 4253 1318 4260 ,

520 4288 608 4356 Laus
630 4288 735 4376 igitur
757 4287 911 4368 Domino,
933 4286 1006 4352 laus
1028 4287 1065 4352 in
1087 4287 1256 4375 specieque
1278 4287 1433 4371 Patrono,

520 4390 623 4478 Cujus
645 4413 704 4478 per
725 4391 835 4456 media
856 4389 992 4456 stabant
1014 4411 1074 4456 sue
1094 4390 1227 4478 singula
1246 4391 1346 4472 salva,

464 4616 643 4668 ¹Martcricin
656 4617 712 4670 MS.
978 4619 1282 4682 supposedtobemeant.

466 4695 716 4763 ²Zeplz'msinMS.
1011 4697 1159 4760 ⁶rationein
1172 4699 1228 4750 MS.

464 4775 475 4808 ³
485 4784 551 4826 ortos
561 4776 589 4827 in
599 4777 656 4828 MS.
1012 4774 1023 4807 ⁸
1033 4785 1156 4842 sparum
1166 4777 1192 4828 iu
1205 4777 1260 4830 MS.

486 4855 543 4908 The
564 4855 676 4906 brilliant
696 4861 748 4906 star
768 4855 887 4919 Mercury
912 4853 935 4904 is
