3582 5838
477 881 651 934 ronssms
672 881 956 934 wnsrssnsrsos
979 881 1155 932 saeorum.
1280 869 1344 934 169

299 1072 399 1138 etiam
438 1072 502 1138 sibi
543 1070 740 1137 diverticula
776 1070 941 1138 latitandi.
987 1069 1137 1137 Fuerunt
1175 1071 1275 1136 etiam
1313 1073 1348 1136 et
1359 1079 1429 1131 Al).
1444 1084 1515 1131 145⁵.

299 1177 358 1241 alii
381 1174 421 1240 de
443 1173 540 1240 domo
562 1174 660 1262 regia,
676 1175 746 1239 sive
768 1171 879 1261 regali,
903 1172 960 1260 qui
984 1195 1102 1251 omnes,
1118 1173 1207 1238 utin
1223 1171 1348 1257 majori,

301 1277 380 1363 quia
411 1275 565 1342 mollibus
597 1282 676 1342 sunt
708 1275 833 1357 vestiti,
861 1275 935 1340 ideo
966 1295 1009 1340 ex
1042 1274 1181 1341 mollitie
1212 1275 1349 1362 spiritus

300 1379 514 1446 abhorrentes
535 1378 643 1444 visum
658 1378 837 1465 sanguinis,
853 1377 1094 1443 subtraxerunt
1116 1399 1151 1442 se
1169 1376 1210 1442 de
1225 1399 1348 1464 campe,

301 1503 344 1548 nc
357 1481 511 1548 viderent
526 1481 718 1548 effusionem
733 1481 844 1566 ipsius.
890 1481 1042 1546 Fuerunt
1056 1480 1190 1567 insuper
1198 1484 1233 1545 et
1248 1479 1349 1558 tertii,
1362 1501 1411 1554 His
1421 1501 1517 1552 ronow-

303 1583 344 1650 de
365 1584 463 1672 plaga
483 1569 579 1670 regni
594 1583 766 1664 Orientali,
790 1584 857 1668 qui,
879 1583 957 1668 quia
978 1583 1107 1647 ratione
1129 1603 1197 1647 suae
1215 1568 1478 1669 originistl‘from

304 1685 467 1752 molliores
503 1691 583 1752 sunt
614 1686 748 1766 caeteris,
780 1691 815 1752 et
845 1685 949 1772 magis
987 1685 1102 1762 teneri,
1135 1685 1235 1771 juxta
1265 1683 1349 1749 illud
1361 1634 1519 1767 ppgffiot

302 1788 484 1867 metrict-
1362 1769 1487 1834 ”tumul

392 1912 409 1940 “
432 1903 620 1990 ¹Quioquid
643 1903 687 1968 ad
710 1903 796 1969 Eoos
818 1907 955 1983 tractus,
978 1903 1136 1991 regnique
1157 1907 1312 1991 teporem,
1363 1901 1466 1952 vulne

393 2012 412 2042 “
434 2005 600 2093 vergitur,
623 2005 748 2072 emollit
769 2005 897 2070 animos
919 2005 1095 2071 clementia
1117 2004 1219 2084 coeli‚’'
1363 1971 1500 2020 &ml-

304 2119 377 2185 ideo
410 2118 529 2205 spiritu
567 2117 701 2184 terroris
733 2118 889 2204 percussi,
910 2117 1136 2204 ⁹reliquerunt
1179 2117 1284 2184 solum
1315 2117 1351 2183 in
1363 2137 1418 2188 The
1430 2134 1500 2200 sing

304 2242 418 2308 campo
448 2242 543 2286 suurn
575 2219 776 2306 superiorem
811 2219 981 2286 dominum
993 2245 1002 2301 ;
1032 2220 1253 2307 fugeruntque
1283 2203 1520 2286 nonssdoeffl·

305 2323 401 2388 aliter
424 2321 467 2387 ab
489 2343 537 2400 eo,
559 2343 658 2409 quam
692 2345 713 2387 a
734 2325 864 2409 pastore
893 2321 1006 2408 fugere
1036 2321 1144 2388 solent
1174 2343 1259 2400 oves,
1283 2322 1353 2388 sive

306 2413 471 2514 agnelluli,
494 2447 569 2492 cum
591 2424 707 2512 lupum
729 2423 875 2490 viderint
897 2424 1092 2499 venientem.

354 2525 475 2592 Videns
497 2532 609 2592 autem
632 2526 706 2592 Rex
736 2547 818 2604 suos,
842 2528 936 2612 quasi
966 2549 1087 2608 omnes,
1110 2527 1164 2593 vel
1185 2549 1295 2594 versos
1317 2527 1353 2593 in
1365 2549 1421 2601 une
1434 2549 1501 2618 sing

306 2630 425 2717 fugam,
457 2628 513 2695 vel
544 2628 581 2693 in
615 2649 729 2715 compo
751 2627 949 2710 interfectos,
972 2652 1071 2716 seque
1101 2629 1173 2696 sine
1203 2615 1491 2734 praesidioffltlin

307 2733 366 2797 sub
403 2753 464 2796 suo
500 2734 588 2796 stare
624 2729 758 2809 vexillo,
795 2729 919 2816 absque
956 2753 1012 2818 spe
1056 2731 1273 2812 relevationis,
1312 2697 1486 2800 deneges-

307 2833 516 2920 suggestione
548 2853 727 2919 paucorum
758 2831 817 2918 qui
847 2839 1081 2912 remanserant,
1104 2837 1144 2898 ut
1176 2832 1305 2919 fugeret
1333 2815 1445 2934 affl
1466 2882 1490 2932 i.

307 2935 387 3002 faeie
409 2955 512 3014 arcus,
535 2939 570 2999 et
584 2933 725 2999 telorum
741 2932 919 3000 declinaret
933 2935 1082 3020 pericula,
1098 2939 1132 3000 et
1147 2935 1353 3021 sagittarum,
1367 2919 1524 3000 founn'them

307 3059 381 3124 quae
402 3036 526 3102 favillis
546 3035 654 3101 niveis
676 3035 809 3102 densius
831 3035 1019 3102 volitabant
1041 3035 1125 3101 circa
1154 3043 1253 3123 caput
1276 3037 1353 3123 ejus,
1367 3015 1484 3132 meos

308 3139 474 3206 subtraxit
504 3159 538 3204 se
570 3137 613 3203 ad
636 3139 789 3224 exiguam
811 3137 983 3225 eujusdam
1016 3137 1188 3204 frunitoris
1218 3137 1355 3203 domun-
1368 3148 1449 3200 York.

308 3241 422 3320 sulem,
457 3241 570 3328 ibique
596 3241 777 3328 permansit
808 3262 887 3326 curn
919 3241 996 3321 suis,
1030 3261 1197 3327 quousque
1229 3241 1357 3308 veniret

309 3341 413 3410 'Dux
447 3343 668 3423 Eboracensis,
700 3347 734 3409 et
764 3343 951 3431 hujusmodi
985 3343 1095 3410 verbis
1127 3345 1286 3411 salutaret
1318 3366 1357 3411 ae

308 3445 507 3513 confortaret
528 3468 668 3512 sum:—

354 3557 370 3584 “
392 3545 578 3628 Laetamini,
594 3547 750 3635 Princeps
771 3546 919 3627 illustris,
934 3547 1091 3614 laetentur
1113 3549 1213 3615 etiam
1228 3555 1262 3615 et
1284 3547 1357 3638 ipsi,
1369 3559 1425 3611 The
1436 3559 1513 3612 Duke
1583 3551 1610 3604 ⁸

309 3659 327 3687 “
350 3651 408 3738 qui
428 3651 641 3717 circumstant
665 3671 732 3729 vos,
756 3649 882 3716 domini
904 3671 1023 3718 omnes.
1068 3651 1146 3717 Jum
1169 3653 1256 3719 enim
1283 3630 1520 3745 pro-fflmdfflfe'hh

309 3761 327 3789 “
344 3753 452 3840 jectus
483 3761 535 3819 est
556 3758 724 3819 accusator
754 3751 811 3818 ille
837 3753 967 3838 impius,
990 3753 1048 3840 qui
1079 3757 1148 3819 tem
1182 3754 1236 3820 die
1259 3777 1357 3842 quam
1371 3731 1486 3840 own'ep·

310 3863 330 3893 “
353 3855 452 3923 etiam
474 3860 571 3921 nocte
594 3853 766 3920 accusabat
787 3875 840 3920 me
870 3875 1024 3940 meosque
1049 3855 1175 3937 fratres,
1199 3857 1355 3936 dominos,
1371 3828 1506 3891 ⁰⁰¹⁹⁸t¹⁰m

310 3965 329 3994 “
350 3957 514 4036 videlicet,
529 3977 656 4023 mecum
671 3955 725 4022 hie
745 3961 933 4043 praesentes,
948 3963 1027 4023 ante
1042 3964 1249 4045 conspectum
1263 3958 1358 4024 ‘Ma-

310 4067 329 4096 “
347 4060 480 4147 jestatis
509 4062 637 4125 vestrae.
685 4057 802 4124 Gratia
824 4057 913 4124 enim
935 4058 1008 4139 Dei,
1030 4059 1091 4125 ille
1121 4059 1218 4125 modo
1251 4060 1359 4126 vietor

310 4171 328 4200 “
351 4162 474 4240 extitit,
496 4161 555 4248 qui
577 4163 692 4226 contra
720 4180 797 4225 eum
814 4159 940 4246 justam
973 4180 1104 4226 causam
1126 4159 1253 4240 habuit,
1274 4162 1358 4250 ipse·

344 4463 352 4496 ¹
362 4464 447 4529 Qucry
457 4479 487 4514 as
497 4471 524 4514 to
534 4461 585 4514 this
595 4461 732 4527 quotation.
856 4479 918 4528 yon,
947 4470 1007 4528 post
1041 4465 1165 4513 victorium
1198 4464 1312 4517 lubitum.
1324 4494 1357 4507 -

343 4543 423 4592 'Rex
439 4540 566 4592 &etam
584 4557 601 4591 u
618 4539 811 4606 cuia—Margi·
859 4541 984 4608 Margiusl
1005 4541 1080 4603 Note,
1101 4544 1134 4609 by
1156 4545 1226 4594 Lord
1247 4546 1358 4598 Willianr

310 4623 353 4673 ml
362 4623 436 4682 Note,
443 4624 477 4688 by
487 4622 558 4672 Lord
566 4619 680 4671 William
691 4621 810 4671 Horrard.
859 4621 978 4671 Horror-d.

343 4700 355 4734 ³
372 4699 454 4752 Verte
471 4699 553 4751 Ducis
569 4697 687 4750 Eborac:
705 4699 740 4750 ad
761 4699 812 4750 Re·
892 4697 1064 4764 ⁴Ma9ertan's
1075 4699 1100 4750 in
1113 4701 1169 4753 MS.
