3668 5842
490 925 663 978 consume
686 924 969 975 wnnrnsusrnon
990 923 1168 975 cucuron.
1282 906 1348 976 287

305 1123 322 1148 “
344 1113 539 1201 praedictum
561 1119 622 1195 est,
644 1111 850 1179 remanentia
872 1111 962 1178 ultro
983 1109 1195 1177 donationem
1217 1114 1252 1175 et
1274 1117 1517 1173 con-A.1).1⁴⁵⁶·

304 1215 522 1282 “cessionem
555 1214 740 1303 praediotes,
759 1213 928 1280 sufficiunt
961 1212 1005 1279 ud
1038 1211 1287 1278 consuetudines
1317 1215 1351 1275 ct

303 1323 322 1352 “
344 1318 480 1384 servitio
503 1322 572 1383 tem
603 1318 645 1383 de
675 1317 832 1406 praedicto
861 1315 1038 1402 mesuagio,
1061 1315 1131 1380 sive
1152 1318 1351 1393 tenemento

305 1426 325 1456 “
347 1443 421 1486 cum
443 1420 521 1486 kuic
543 1419 719 1507 edjscente,
734 1419 782 1486 sic
797 1419 894 1500 datis,
910 1440 1009 1505 quem
1033 1416 1073 1483 de
1095 1415 1263 1504 praediotis
1277 1415 1352 1481 aliis

304 1528 323 1558 “
345 1522 521 1610 mesusgiis
543 1522 609 1588 sibi
630 1522 779 1600 retentis,
804 1521 915 1588 debite
937 1519 1105 1596 iacienda3
1128 1518 1224 1586 stud
1242 1519 1353 1584 omnio
1459 1523 1468 1538 '

185 1659 190 1668 ·
306 1631 326 1660 ‘¹
347 1624 413 1690 alis
424 1647 524 1692 onere
539 1647 612 1712 quse
626 1624 866 1702 sustinuerunt,
881 1629 917 1690 et
928 1622 1089 1690 sustinere
1104 1625 1352 1701 consueverunt,

306 1733 325 1763 “
347 1732 387 1792 ut
417 1727 455 1794 in
488 1727 594 1809 sectis,
625 1726 761 1805 visibus,
784 1724 1014 1814 frenciplegiis,
1037 1725 1179 1803 auxiliis,
1200 1723 1352 1811 tollagiis,

306 1835 324 1864 “
347 1829 480 1917 vigiliis,
502 1829 634 1907 finibus,
657 1828 947 1916 redemptionibus,
977 1825 1247 1907 emeroiumentis,
1278 1847 1354 1890 con-

306 1937 326 1967 “
348 1932 594 2014 tributionibus‚
619 1937 653 1998 et
675 1931 749 1997 eliis
781 1932 1029 2019 quibuscunque
1063 1931 1217 1997 oneribus
1248 1951 1353 1995 emer·

305 2042 324 2068 “
345 2035 510 2122 gentibus,
525 2034 727 2101 sustinendo„
773 2034 818 2099 Et
841 2033 928 2120 quod
951 2033 1051 2099 iidem
1067 2032 1261 2120 Rodulpbus
1275 2033 1355 2097 Bot-

305 2145 324 2170 “
347 2137 437 2203 tillcr
458 2143 492 2204 et
514 2136 685 2204 Jobennes
708 2135 837 2214 Hende,
852 2137 888 2201 in
910 2135 1051 2216 'assisis
1069 2135 1199 2222 juretis,
1224 2141 1260 2201 et
1282 2133 1355 2200 eliis

305 2247 323 2274 “
344 2241 624 2328 recognitionibus
638 2239 896 2328 quibuscunque,
911 2239 990 2326 poni
1011 2239 1148 2326 possint,
1163 2243 1262 2326 prout
1273 2242 1356 2302 ente

306 2349 323 2376 “
347 2341 557 2409 donationem
575 2348 609 2409 et
624 2342 863 2408 concessionem
884 2341 1058 2429 praedictcs
1080 2341 1159 2429 poni
1182 2361 1356 2408 consueve-

306 2449 325 2479 “
346 2451 447 2525 ruut3
468 2445 518 2511 its
532 2445 620 2532 quod
635 2444 745 2531 petris
758 2466 818 2532 per
833 2443 1043 2510 donationem
1062 2449 1098 2509 et
1119 2444 1355 2510 concessionem

305 2555 324 2581 “
346 2547 527 2634 predictas,
550 2547 586 2613 in
608 2547 754 2635 ipsorum
771 2546 938 2635 Rcdulphi
959 2547 1114 2613 Bottiller
1135 2552 1170 2613 et
1191 2546 1215 2612 J
1216 2545 1356 2612 ohannis

306 2655 322 2684 “
347 2648 467 2715 Hende
500 2648 638 2727 defectu,
661 2651 767 2736 mugis
798 2648 895 2714 solito
927 2671 995 2715 non
1018 2649 1218 2731 onerabitur,
1248 2669 1355 2735 neque

306 2757 325 2787 “
348 2750 550 2838 gravabitur.
597 2751 640 2816 In
655 2743 756 2837 ¹cujus
777 2750 826 2816 roi
857 2749 1094 2833 testimonium,
1117 2757 1187 2817 tom
1210 2750 1354 2838 sigillum

307 2861 324 2888 ‘⁴
346 2852 428 2919 dicti
461 2851 597 2939 Majoris
628 2857 662 2918 et
694 2850 888 2931 Esouetoris,
910 2873 1010 2939 quem
1034 2851 1142 2942 sigilla
1168 2853 1355 2940 juratorum

306 2964 325 2992 “
347 2955 585 3043 predictorum,
609 2955 686 3021 huic
718 2954 933 3041 Inquisiticni
964 2959 1042 3020 sunt
1073 2975 1222 3042 appenso.
1268 2955 1358 3021 Doto

307 3063 325 3093 “
348 3057 411 3137 die,
432 3057 512 3136 loco,
535 3065 570 3124 st
592 3079 688 3136 enno,
713 3057 937 3146 supradictis.”

341 3343 479 3410 Litterae
500 3341 581 3410 olim
603 3341 785 3411 *Paucos
807 3343 916 3430 regico,
939 3365 1094 3412 co‘ocessoe
1115 3345 1264 3414 Domino
1286 3347 1326 3414 dc

473 3443 627 3532 semoy,
650 3461 754 3534 eumer
779 3447 949 3534 prodictu
969 3447 1193 3536 responsione.

352 3609 371 3640 “
392 3601 588 3685 ³Henricus,
611 3604 675 3670 Dei
697 3604 815 3692 gretie,
835 3605 909 3672 Rex
931 3605 1062 3694 Angliae
1085 3613 1120 3673 et
1142 3609 1298 3689 Francius,
1321 3615 1519 3676 secuere-

308 3711 326 3741 “
348 3706 511 3772 Dominus
526 3705 708 3789 Hiberniae,
725 3707 877 3773 omnibus
892 3708 935 3774 ad
950 3729 1031 3795 quos
1045 3716 1220 3797 praesentes
1234 3712 1355 3779 littcrae
1367 3689 1519 3820 ffiffsst

308 3813 327 3844 “
348 3808 568 3895 pervenerint,
601 3809 750 3876 sulutem.
798 3809 919 3876 Sciatis
950 3810 1038 3896 quod
1069 3833 1143 3877 cum
1175 3835 1242 3892 nos,
1275 3815 1527 3952 ‘¹¹¹⁰·},{¹,l,¹1¹,{f'“¹

1368 3969 1437 4018 upon
1447 3955 1507 4005 such

308 3915 327 3945 ‘⁶
348 3909 474 3976 decimo
505 3909 559 3976 dio
583 3909 665 3976 Maii
687 3910 806 3976 ultimo
837 3912 1016 3998 praeterito,
1043 3912 1084 3978 de
1115 3915 1222 4001 gretia
1243 3923 1356 3982 nostru

309 4018 327 4047 “
349 4012 491 4098 speciali,
512 4033 551 4078 cc
573 4033 632 4099 pro
653 4013 742 4078 bono
759 4017 795 4078 et
816 4013 975 4079 laudabili
996 4015 1132 4081 servitio
1147 4015 1236 4103 quod
1259 4017 1357 4084 diloc·
1369 4035 1466 4071 smne

308 4125 327 4153 “
347 4122 403 4183 tus
425 4123 460 4184 et
481 4117 588 4184 fidelis
610 4124 730 4196 noster,
751 4117 944 4206 Rodulphus
966 4119 1120 4196 Bottiller
1142 4121 1183 4187 de
1204 4122 1357 4209 Sudeby,
1369 4088 1450 4138 Μ’

309 4224 328 4254 “
349 4220 453 4300 Miles,
480 4220 576 4286 nobis
607 4219 836 4307 multipliciter
865 4221 1081 4309 impenderet,
1107 4229 1142 4290 et
1172 4223 1359 4312 impendere

308 4328 326 4358 “
348 4343 416 4387 non
431 4321 619 4400 desistebat,
634 4322 895 4402 concesserimus,
914 4345 975 4410 pro
1001 4325 1097 4390 nobis
1119 4329 1154 4391 et
1175 4326 1360 4393 haeredibus

308 4431 327 4460 ‘⁶
348 4423 477 4504 nostris,
493 4429 656 4512 quantum
676 4423 713 4490 in
726 4425 822 4490 nobis
844 4425 918 4506 fuit,
934 4431 969 4493 et
983 4425 1152 4493 licentium
1166 4428 1360 4508 dederimus,

307 4533 327 4564 “
348 4527 455 4594 eidem
477 4527 654 4615 Rodulpho
683 4531 718 4593 et
747 4526 896 4595 Johonni
926 4527 1055 4610 Hende,
1085 4529 1221 4614 juniori,
1247 4530 1360 4596 Armi-

344 4760 535 4830 miurinus
586 4789 587 4792 ’
890 4778 1276 4845 ⁸Tbeflrrtletterisomitted3
1293 4785 1360 4837 tobe

343 4856 585 4912 'Patentirinlffi
859 4859 973 4924 supplied
983 4859 1193 4912 iuilluminrtion.
