3640 5842
444 879 509 945 322
777 887 974 939 numerurm
995 885 1153 936 mmmm

276 1083 462 1146 A.D.1ess.“
484 1074 743 1156 ¹Nihilominus‚
766 1095 808 1139 ne
831 1073 966 1172 omnino
987 1072 1159 1139 videamur
1189 1071 1339 1138 claudere
1370 1073 1494 1140 siccem

445 1187 464 1215 “
485 1182 607 1244 nostrae
622 1175 770 1242 caritatis
790 1198 819 1242 e·
832 1175 936 1256 vobis,
951 1173 1208 1243 transmittimus
1222 1173 1317 1240 vobis
1339 1195 1398 1260 per
1412 1197 1495 1262 prae·

445 1289 461 1317 “
484 1279 629 1345 sentium
659 1277 816 1364 bajulum,
848 1282 997 1344 vestrum
1030 1276 1233 1364 nepotulum,
1255 1277 1297 1342 de
1329 1276 1396 1342 illis
1426 1299 1497 1344 mo·

445 1390 463 1417 “
485 1381 575 1462 dicis,
599 1378 732 1463 ”immq
754 1380 990 1462 modicissimis,
1012 1400 1087 1465 quae
1110 1379 1218 1444 adhuc
1239 1379 1335 1444 nobis
1357 1385 1496 1458 restent,

447 1493 462 1520 “
485 1483 639 1570 pauculos
654 1483 804 1549 denarios
820 1479 963 1562 ⁸eureos,
979 1482 1046 1568 qui,
1062 1481 1125 1548 etsi
1140 1503 1346 1568 nequequam
1360 1481 1398 1547 in
1414 1488 1499 1562 toto,

445 1592 462 1622 “
485 1588 526 1652 de
546 1585 714 1650 tantillulo
735 1589 847 1658 temen
868 1585 1014 1650 relevere
1035 1605 1094 1649 vos
1115 1583 1296 1671 ⁴poterunt
1317 1583 1355 1648 in
1375 1584 1494 1652 itinere

443 1697 461 1724 “
483 1709 598 1754 versus
620 1691 747 1755 vestras
769 1690 899 1773 pertes3
922 1686 964 1752 sd
988 1707 1069 1772 ques
1098 1707 1253 1772 prospere
1274 1689 1370 1766 sorte,
1397 1691 1495 1773 prout

443 1797 459 1825 “
482 1794 642 1876 optemus,
653 1810 727 1859 cum
741 1788 905 1868 veneritis,
921 1808 1074 1876 rogamus
1089 1809 1148 1854 vos
1163 1786 1494 1876 ⁵Cineom,⁶Py1-rhi,

442 1901 459 1927 “
484 1891 694 1980 Epirotarum
718 1890 826 1978 Regis,
848 1889 1005 1978 legatum,
1028 1893 1173 1955 statuere
1195 1890 1289 1956 vobis
1320 1890 1356 1954 in
1385 1913 1496 1958 exem·

443 1999 461 2029 “
483 1993 597 2079 plum,
615 2017 618 2026 ’
634 1997 668 2057 et
699 1991 776 2058 licet
808 2013 1017 2078 nequaquem
1048 1991 1160 2057 omnic
1191 1992 1285 2058 vobis
1319 1993 1355 2056 in
1386 2000 1499 2060 vestro

443 2100 461 2129 “
483 2095 608 2160 fuerint
630 2093 762 2180 negotio
776 2149 780 2162 .
794 2115 853 2180 pro
885 2099 963 2160 voto
993 2093 1196 2180 responsiva,
1219 2095 1495 2181 quemadmodum

441 2201 461 2231 “
484 2201 597 2262 temen
613 2197 683 2283 ipse
705 2215 763 2260 suo
779 2195 998 2282 respondebat
1015 2194 1148 2262 domino
1163 2183 1203 2261 in'
1214 2217 1276 2262 suo
1291 2217 1443 2285 regressu
1458 2199 1500 2264 de

445 2304 463 2370 “,
486 2297 652 2391 Romanis,
676 2297 725 2361 ita
748 2302 792 2372 et,
804 2319 864 2380 vps
886 2298 987 2375 etiem
1002 2319 1061 2384 pro
1085 2299 1181 2374 uobis
1195 2299 1344 2386 Anglicis
1359 2300 1500 2388 singulis

446 2408 462 2435 “
485 2398 781 2490 quaestionantibus
810 2399 1045 2486 respondeatis
1090 2401 1298 2488 [Responsum
1331 2401 1406 2468 ideo
1430 2423 1497 2468 non

445 2510 465 2576 ‘i
487 2501 709 2588 exprimimus,
741 2501 820 2587 quic
849 2501 932 2567 bene
962 2503 1090 2582 scimus,
1120 2503 1201 2576 satis
1231 2509 1378 2570 recenter
1409 2504 1501 2570 illius

446 2611 463 2683 “.
485 2603 661 2692 recordati⁸
693 2603 797 2670 stetis.
858 2603 1001 2684 Honesti
1038 2605 1128 2670 enim
1164 2605 1229 2672 viri
1269 2609 1328 2684 est,
1359 2606 1499 2672 honeste

445 2715 461 2741 “
485 2706 600 2785 dicere,
622 2707 658 2772 in
687 2704 761 2770 eliis
783 2728 863 2773 vero
894 2707 949 2772 vel
980 2706 1191 2793 inorprecm'
1226 2709 1262 2774 in
1296 2709 1421 2786 melius,
1444 2709 1498 2774 vel

446 2793 464 2844 ‘²
488 2808 621 2874 omnino
644 2813 774 2888 tecere3
807 2807 921 2896 igitur,
941 2808 995 2878 vel
1030 2810 1164 2884 omnino
1196 2811 1342 2892 taceatis,
1376 2811 1431 2878 vel
1461 2811 1498 2876 in

446 2911 601 2976 “melius
643 2916 850 2998 reportomen
889 2910 1025 2978 facietis
1089 2911 1132 2976 In
1171 2917 1333 2978 aeternum
1373 2913 1502 2980 felicius

446 2999 465 3050 “⁵
486 3013 760 3110 quemcdmodum
783 3035 843 3081 nos
873 3013 1043 3088 vobiscum
1068 3014 1185 3088 velere
1216 3015 1411 3102 appetimus,
1441 3037 1501 3081 vos

445 3122 463 3153 “
484 3117 655 3182 nobiscum
692 3116 728 3184 in
763 3115 915 3203 precibus
953 3115 1155 3194 orationum.
1187 3121 1222 3184 et
1261 3117 1298 3182 in
1335 3118 1501 3205 suffragiis

446 3224 463 3255 “
486 3217 643 3299 caritatis,
667 3218 814 3300 voleqtis.
859 3217 975 3297 Amen.
1014 3217 1156 3296 Cursivc
1172 3219 1305 3297 cnlomo,
1321 3227 1356 3286 et
1369 3219 1501 3298 festino,

445 3327 463 3356 “
486 3327 516 3386 et
534 3318 679 3387 coelero.''
971 3337 974 3346 ’

490 3421 632 3486 Finiunt
662 3421 749 3488 Acte
780 3421 873 3502 Anni
903 3421 1058 3509 Septimi.
1104 3421 1200 3488 Finit
1222 3425 1322 3489 etiem
1346 3429 1381 3489 et
1409 3422 1504 3488 lebor

446 3522 663 3610 registrantis,
701 3527 834 3610 propter
872 3525 1052 3600 senectutis
1087 3525 1358 3614 segnitudinisque
1384 3547 1503 3612 repug-

447 3623 598 3690 nantium
621 3625 658 3714 in
681 3625 816 3711 negotio
838 3626 1046 3713 registrandi.

539 3727 674 3816 Auctori
697 3726 880 3816 vitaefllaus,
903 3729 1021 3807 virtus,
1043 3728 1149 3816 glorie
1170 3731 1289 3816 sitque,

536 3829 615 3893 Post
638 3829 788 3894 morbum
810 3829 916 3896 vitem
938 3827 1047 3896 ⁷mihi
1069 3831 1127 3916 qui
1150 3831 1243 3898 dedit
1264 3831 1465 3911 ulteriorem,

537 3929 634 3995 Istud
656 3934 697 3993 ut
719 3918 888 4018 inceptum
909 3953 1035 4018 possem
1059 3932 1155 3998 finire
1177 3935 1364 4020 registrum.

537 4032 677 4098 Discunt
699 4055 764 4119 quo
782 4033 984 4118 juvenesco
1007 4055 1081 4120 quse
1104 4034 1207 4102 fecere
1228 4037 1361 4123 priores,

582 4134 727 4200 Aeoliis
749 4135 899 4203 referent.
945 4136 1054 4203 Prisce
1078 4137 1210 4224 placent
1234 4160 1298 4225 que
1322 4138 1448 4204 docent

483 4403 783 4458 ¹Naelitominm1nms.
1035 4407 1195 4471 ‘poteriutin
1207 4407 1263 4460 MS.

483 4483 663 4552 'ptoloms
1035 4485 1268 4550 ‘Comminus

482 4565 603 4618 'Golden
624 4565 710 4632 nngels
734 4563 764 4615 of
782 4563 870 4632 Henry
892 4564 952 4630 VI„
1034 4562 1232 4618 ‘Peninus

449 4644 621 4711 wooroingto
633 4643 741 4696 Heume.
1034 4642 1231 4696 ⁷osiclo'inMS.
