3668 5842
460 893 524 958 282
799 905 998 955 sacrarauu
1019 903 1176 956 samma

293 1104 362 1157 Am.
375 1093 534 1160 1⁴or.aliia
567 1092 677 1170 variis,
701 1092 741 1157 de
773 1091 894 1178 quibus
928 1092 964 1156 in
997 1066 1286 1179 subsequentibus
1303 1093 1361 1157 fiet
1382 1091 1507 1156 mentio

460 1195 557 1283 plane
578 1195 693 1282 magis.

294 1313 349 1364 une
366 1313 449 1365 Arcu·
506 1299 663 1384 (tumque,
687 1295 955 1383 replicationibus
977 1300 1013 1363 et
1041 1296 1308 1384 responsionibus
1330 1295 1507 1363 hincinde

295 1380 424 1513 {23⁸⁸
460 1402 564 1482 factis,
587 1399 833 1487 protraheretur
855 1404 985 1487 tempus
1007 1401 1179 1486 prolixius,
1194 1398 1508 1486 multiplicarentur-

292 1515 420 1592 aodresses
461 1527 524 1593 que
556 1503 658 1569 verba
689 1502 838 1588 plurima,
863 1501 920 1568 sed
951 1501 1075 1588 absque
1107 1503 1251 1568 termino
1283 1500 1506 1580 conclusionis,

293 1581 353 1632 hun
460 1607 589 1695 operuit
612 1605 748 1670 tandem
763 1604 926 1671 Dominus
940 1604 1212 1691 Archiepiscopus
1227 1625 1263 1672 os
1277 1624 1381 1683 suum,
1397 1601 1507 1688 loque·

461 1712 631 1795 baturque,
654 1707 765 1772 dicens
787 1726 845 1793 per
866 1727 955 1772 nunc
978 1707 1113 1772 modum
1129 1733 1181 1772 :-

292 1821 391 1873 neuile
401 1823 431 1874 of
504 1818 522 1846 “
539 1810 713 1878 Confrater
728 1805 915 1886 condilecte,
928 1809 1086 1896 Magister
1097 1807 1505 1896 &giumda—Quoniam,

291 1889 427 2021 {hiffffl‘
460 1925 477 1952 “
501 1922 540 1980 ut
562 1915 598 1978 in
621 1913 746 2000 majori,
770 1917 849 1978 sunt
872 1911 1017 1978 haeretici
1041 1933 1153 1977 omnes
1176 1911 1212 1976 in
1235 1911 1360 1978 lumine
1382 1912 1435 1975 sui
1455 1911 1507 1974 in-

290 2023 399 2074 marna
458 2025 477 2055 “
500 2015 652 2084 tellectus
685 2007 799 2080 taliter
830 2014 998 2096 obcoecati,
1029 2015 1117 2102 quod
1151 2014 1229 2082 licet
1262 2015 1327 2079 sibi
1358 2013 1507 2080 concludi

459 2130 476 2158 “
497 2120 614 2187 melius
636 2117 802 2194 sciverint,
824 2117 888 2183 sibi
908 2122 1022 2184 tamen
1048 2117 1236 2183 conclusum
1265 2139 1333 2182 esse
1362 2116 1507 2203 pentina

460 2231 477 2260 “
501 2225 582 2290 citer
618 2221 838 2287 contradicere
876 2220 991 2300 solent,
1030 2219 1184 2286 nolumus
1219 2221 1361 2285 multum
1398 2223 1506 2283 tecum

460 2336 477 2363 ‘¹
500 2324 608 2392 verbis
632 2323 835 2400 contendere,
859 2322 937 2409 quia
957 2323 1033 2410 plus
1059 2323 1262 2388 sermonibus
1284 2344 1384 2408 quem
1406 2320 1507 2386 ratio-

459 2439 477 2466 “
502 2428 599 2493 nibus
621 2425 773 2491 novimus
795 2429 829 2490 te
852 2423 1047 2490 1abundare.
1093 2425 1254 2491 Volumus
1269 2431 1382 2490 tamen
1399 2429 1506 2489 osten·

460 2542 477 2568 “
500 2532 577 2597 dere
599 2529 663 2595 tibi
685 2528 747 2593 sub
769 2527 934 2608 brevibus,
958 2526 1185 2614 declararequc
1206 2527 1410 2602 succinctius,
1427 2548 1506 2613 quo-

458 2643 476 2670 “
498 2633 596 2698 modo
629 2632 665 2696 in
697 2629 853 2695 antefatis
886 2629 1047 2694 Articulis
1072 2637 1188 2694 contra
1217 2630 1306 2695 dicta
1336 2629 1505 2695 doctorum

457 2746 474 2774 “
497 2735 601 2822 magis
623 2731 911 2800 5¹authenticorum
934 2731 1106 2798 manifeste
1137 2733 1363 2798 contravenire
1384 2753 1506 2819 praesu·

458 2849 475 2875 “
498 2840 567 2905 mis.
606 2837 693 2902 Nam
710 2841 872 2922 quantum
887 2835 931 2900 ad
945 2835 1131 2901 Articulum
1147 2835 1188 2900 de
1200 2833 1325 2900 Christi
1340 2834 1506 2900 Descensu

457 2949 476 2978 “
498 2942 541 3008 ad
563 2939 696 3021 Inferos,
720 2938 803 3004 dicit
832 2937 956 3004 Doctor
978 2937 1176 3003 Tarentinus
1205 2937 1241 3001 in
1272 2935 1416 3024 quadam
1446 2959 1506 3002 sua

457 3053 474 3082 “
497 3043 677 3132 quaestione
703 3041 744 3106 de
769 3039 887 3105 Tribus
908 3038 1105 3126 ³Symbolis,
1128 3040 1216 3127 quod
1238 3039 1313 3105 ideo
1333 3039 1506 3106 Articulus

455 3156 474 3184 “
497 3148 603 3212 dictus
634 3142 883 3228 relinquebatur
913 3147 984 3207 tam
1015 3149 1113 3208 extra
1134 3140 1352 3229 *Symbolum
1386 3141 1505 3208 Niceni

457 3257 473 3287 ‘⁴
497 3247 645 3326 Concilii,
669 3267 767 3333 quam
789 3245 891 3310 etiam
914 3243 1029 3309 Sancti
1051 3244 1118 3309 viri
1138 3243 1323 3322 Athanasii,
1339 3245 1418 3331 quia
1440 3245 1506 3310 illis

455 3361 472 3387 “
495 3353 532 3416 in
553 3349 757 3435 temporibus
789 3347 881 3412 nulla
913 3351 1028 3412 contra
1060 3369 1134 3412 cum
1168 3347 1336 3413 oriebatur
1365 3349 1505 3425 haeresis,

455 3465 473 3490 “
497 3474 557 3518 nec
580 3451 706 3516 solebat
722 3451 763 3516 de
777 3471 815 3514 eo
837 3471 958 3536 magna
980 3451 1119 3535 quaestio
1142 3450 1346 3518 commoveri.
1393 3451 1506 3531 Quan-

455 3565 473 3591 “
496 3561 569 3620 tum
592 3553 635 3616 ad
658 3551 846 3616 Articulum
869 3551 910 3616 de
933 3552 1129 3618 auctoritate
1159 3551 1366 3618 Univemalis
1395 3553 1504 3619 Eccle-

455 3665 472 3693 “
495 3659 561 3734 siae,
585 3655 667 3720 dicit
690 3654 814 3720 Doctor
836 3654 1054 3740 Augustinus,
1078 3655 1114 3718 in
1138 3653 1287 3741 Epistola
1309 3677 1369 3720 sua
1390 3661 1506 3721 contra

456 3768 473 3797 ‘¹
496 3759 758 3834 fundamentum·
781 3761 911 3822 tantam
935 3777 1004 3821 esse
1030 3755 1120 3821 illius
1151 3758 1393 3837 auctoritatem,
1417 3760 1505 3845 quod

456 3873 472 3900 “
495 3861 685 3928 nullatenus
705 3880 795 3924 sacro
820 3859 945 3925 Christi
969 3857 1151 3946 Evangelio
1173 3860 1329 3938 crederet,
1344 3861 1409 3925 nisi
1425 3883 1505 3947 qua·
1636 3876 1643 3886 ·

456 3975 474 4003 “
497 3971 595 4031 tenus
623 3985 683 4050 per
715 3963 820 4049 ipsam
853 3959 1005 4026 Ecclesiae
1040 3957 1292 4028 ³auctoritatem
1324 3963 1505 4050 approbata

455 4077 473 4108 ‘A

497 4073 706 4254 Assghantum
729 4168 992 4252 adpetentem
1016 4164 1246 4246 Conciliorurn,
1269 4167 1350 4233 dicit
1381 4169 1506 4235 Doctor

455 4285 472 4311 “
496 4273 681 4360 Gregorius,
713 4274 747 4335 et
779 4267 966 4333 decretatur
1003 4267 1129 4333 dictum
1161 4290 1257 4334 suum
1295 4269 1331 4334 in
1370 4269 1505 4337 Oenone

456 4385 473 4412 ‘¹
497 4372 771 4457 Quintadecima,
794 4369 1016 4436 Distinctione
1040 4369 1154 4436 ‘Sicut
1164 4371 1283 4437 '-Illa
1304 4394 1395 4438 sacra
1424 4397 1504 4462 qua·

489 4680 497 4713 r
509 4676 652 4730 pamm
663 4675 690 4724 in
701 4675 757 4726 MS.
1038 4676 1046 4704 ⁴
1060 4673 1188 4725 Simbolum
1200 4677 1226 4726 in
1238 4677 1294 4728 MS.

488 4752 787 4810 saguntinoruminMS.
1037 4753 1212 4804 ‘autoritatem
1223 4753 1248 4804 in
1261 4755 1316 4806 Ms.

488 4839 500 4872 ³
512 4835 625 4889 sunta
636 4835 662 4886 in
673 4833 730 4884 MS.
