3582 5838
422 884 487 950 216
757 895 953 947 nmrsrnuu
974 895 1132 946 moerin

255 1093 442 1154 nn.1455.“
463 1086 566 1152 simus
588 1085 713 1152 exclusi
738 1085 817 1173 ¹per
838 1038 1027 1174 praesentes:
1069 1085 1111 1149 In
1136 1084 1229 1172 cujus
1251 1084 1300 1150 rei
1321 1085 1468 1152 testimo·

422 1195 440 1226 “
461 1189 565 1268 nium,
587 1188 805 1276 praesentibus
836 1187 945 1276 sigilla
975 1191 1090 1252 nostra
1119 1187 1336 1274 apposuimus
1382 1187 1470 1255 Data

422 1300 440 1328 “
462 1290 723 1378 quarto-decimo
753 1291 807 1357 die
829 1290 951 1356 mensis
973 1289 1108 1378 Aprilis,
1129 1311 1217 1357 anno
1246 1289 1342 1378 regni
1371 1291 1470 1379 Regis

423 1401 441 1431 “
464 1393 611 1472 Henrici,
634 1393 730 1460 Sexti
763 1397 837 1481 post
869 1391 1104 1480 Oonquaestum
1136 1392 1275 1482 Angliae,
1306 1392 1470 1460 tricesimo

423 1505 439 1533 “
462 1493 606 1582 querto.”

257 1625 411 1679 crescium
469 1599 631 1666 Liberatis
653 1597 832 1666 evidentiis
854 1598 952 1664 modo
973 1597 1082 1680 (lictis,
1098 1601 1133 1664 et
1147 1598 1184 1662 in
1197 1597 1348 1664 archivus
1362 1597 1471 1664 Eccle-

256 1691 384 1810 epntpition
424 1701 481 1768 siae
504 1701 710 1782 introductis,
732 1721 812 1766 mox
834 1699 929 1766 miles
957 1701 1122 1787 prsefatus,
1144 1700 1202 1787 qui
1235 1721 1308 1766 cum
1340 1701 1471 1787 urgenti

255 1775 368 1877 lonlei
423 1803 521 1881 fastu,
542 1804 633 1883 flatu,
650 1807 685 1869 et
707 1802 819 1881 boatu,
842 1803 886 1870 ad
907 1802 1024 1868 villam
1045 1807 1233 1882 accesserat,
1247 1804 1381 1869 recessit
1394 1802 1470 1869 inde

255 1890 353 1959 ’ψ’
423 1905 590 1972 silentiose
612 1905 701 1983 setis,
717 1910 750 1969 et
766 1905 837 1971 sine
860 1905 1010 1991 strepitu,
1033 1901 1205 1992 'nihilque
1225 1905 1315 1970 aliud
1337 1927 1398 1992 pro
1411 1926 1469 1971 suo

423 2007 545 2074 dameo
567 2029 666 2095 quem
688 2005 921 2088 ³calumniam,
937 2027 996 2094 pro
1013 2006 1178 2093 jactantie
1192 2028 1385 2095 veroquam
1402 2007 1471 2093 jeo·

423 2114 541 2192 turam,
563 2131 672 2176 secum
695 2109 739 2175 ed
761 2109 903 2197 petriam
925 2109 1123 2196 reportabat
1169 2109 1240 2176 Deo
1272 2109 1375 2199 igitur
1400 2132 1471 2197 gra-

424 2212 511 2279 tias!
557 2212 624 2293 Qui
646 2213 725 2278 licet
746 2213 790 2278 ad
811 2217 943 2300 tempus
958 2233 1051 2277 suam
1074 2211 1241 2278 ecclesiam
1262 2212 1298 2277 in
1320 2233 1380 2279 suo
1397 2212 1471 2298 jure

425 2314 556 2380 turbari
577 2313 772 2403 permiserit,
795 2335 863 2380 non
885 2319 999 2380 tamen
1021 2313 1104 2379 sinit
1133 2335 1206 2380 eam
1227 2314 1300 2401 pati
1328 2313 1473 2380 finaliter

420 2417 605 2504 jacturam
627 2413 760 2496 ‘immo
784 2421 859 2503 post
882 2415 1116 2496 turbationem,
1130 2416 1267 2482 tandem
1288 2415 1334 2482 ad
1355 2417 1472 2482 trium·

425 2517 527 2605 phum
549 2519 721 2604 pervenire
743 2517 902 2584 coneedit.

469 2620 609 2686 Finiunt
630 2624 705 2687 aeta
726 2619 818 2686 Anni
840 2619 969 2701 Quarti,
991 2618 1234 2708 subsequuntur
1257 2619 1384 2702 Quinti.

426 2917 603 2985 Procceeoc
633 2915 816 3003 cujusdam
838 2915 1123 2995 momumento,
1145 2916 1475 3005 rccocrvperceotiooie,

516 3019 586 3086 eive
608 3017 781 3098 maure,
798 3017 890 3105 facti
912 3038 992 3085 munt
1012 3016 1163 3084 Domitio
1184 3017 1340 3086 macro
1362 3019 1402 3086 dc
1423 3021 1475 3087 lo

516 3123 620 3202 More,
640 3143 708 3209 pro
731 3120 829 3188 certis
851 3119 1001 3187 seruitiis
1033 3127 1064 3186 ct
1092 3119 1283 3188 redditibus
1316 3121 1358 3188 de
1388 3122 1475 3190 dicto

514 3223 670 3291 mcawcio
692 3221 900 3291 Moucctua'i
921 3221 1043 3290 Sancti
1063 3221 1198 3290 Albcmc'
1218 3223 1425 3292 mutuos.

257 3391 328 3443 nl).
341 3395 414 3442 1450,
474 3363 587 3430 ‘Dum
620 3365 778 3430 transiret
806 3361 946 3449 ⁰hyems
980 3363 1062 3428 enni
1093 3364 1215 3450 quarti,
1237 3369 1273 3430 et
1303 3365 1474 3447 recederet,

258 3466 677 3552 TheAbbotsuccederetque
700 3465 757 3530 illa
781 3465 867 3530 veris
888 3469 985 3553 grate
1008 3466 1190 3552 temperies,
1213 3487 1287 3554 quae
1308 3473 1379 3533 tam
1401 3491 1476 3556 pra·

258 3535 471 3650 sslffiffltis
494 3589 593 3654 quem
614 3568 751 3654 pascuis,
775 3588 875 3654 quem
897 3567 986 3655 egris
1008 3569 1118 3646 etiem,
1134 3568 1266 3635 rosariis
1288 3574 1323 3635 et
1344 3571 1474 3650 vinetis,

258 3665 367 3782 ἔξω
427 3670 528 3758 pallia
550 3669 770 3756 polymitariae
785 3669 998 3736 tunicationis
1020 3670 1178 3758 adaptare
1201 3671 1292 3751 solet,
1306 3671 1474 3738 descendit

427 3771 542 3837 Abbas
565 3773 672 3839 dictus
694 3772 730 3836 in
753 3769 919 3850 ⁷hortum,
934 3793 1002 3862 non
1017 3771 1089 3838 dieo
1111 3770 1264 3851 ⁸nucum,
1286 3779 1328 3840 ut
1347 3775 1475 3843 videret

427 3873 624 3942 convallium
641 3895 746 3961 poma,
762 3879 822 3940 ant
843 3879 883 3940 nt
904 3873 1081 3960 inspiceret
1100 3875 1129 3939 si
1151 3875 1340 3942 floruissent
1359 3878 1475 3958 vineae,

426 3977 706 4065 germinassentve
729 3975 889 4043 melorum
911 3975 1092 4043 arbusculoe
1114 3977 1329 4064 punicorum
1351 3977 1476 4046 ⁰immo

427 4081 545 4162 verius,
567 4080 605 4144 in
627 4077 785 4145 ⁷hortum
808 4079 999 4145 deliciosum
1025 4099 1159 4144 suorum
1185 4079 1414 4162 maneriorum,
1436 4089 1475 4147 ut

428 4245 580 4254 --————

462 4337 621 4389 meream
630 4339 708 4403 poe
721 4335 932 4388 scuranum.
974 4325 1310 4403 ,appetentissimum

427 4417 931 4484 morum-soperrcriptiontofolior
1008 4417 1147 4482 ‘pempein
1159 4417 1217 4469 MS.

430 4502 580 4549 toa-Illa
1007 4494 1211 4548 lortroninMS.

462 4575 707 4642 ’nicldlpueinMS.
1007 4573 1477 4644 ⁸Se0nmmderhan,vot11.p.1ee,

461 4655 749 4721 'cclmrpnioecinlffi
974 4653 1147 4706 lorasimilar
1157 4670 1268 4721 passage.

462 4737 473 4768 ⁴
481 4734 642 4800 yrminMS.
829 4778 832 4787 .
1007 4735 1018 4767 ⁹
1027 4733 1118 4798 ynoin
1130 4733 1186 4784 MS.

461 4815 472 4847 ⁵
482 4814 536 4865 The
545 4815 598 4866 first
608 4816 683 4866 letter
693 4815 716 4864 is
723 4813 826 4865 omitted
836 4835 843 4874 ;
861 4823 887 4865 to
899 4817 930 4865 be
