<?xml version="1.0" encoding="UTF-8"?>
<!DOCTYPE html PUBLIC "-//W3C//DTD XHTML 1.0 Transitional//EN"
    "http://www.w3.org/TR/xhtml1/DTD/xhtml1-transitional.dtd">
<html xmlns="http://www.w3.org/1999/xhtml" xml:lang="en" lang="en">
 <head>
  <title>
</title>
<meta http-equiv="Content-Type" content="text/html;charset=utf-8" />
  <meta name='ocr-system' content='tesseract 3.04.00' />
  <meta name='ocr-capabilities' content='ocr_page ocr_carea ocr_par ocr_line ocrx_word'/>
</head>
<body>
  <div class='ocr_page' id='page_1' title='image "./registraquorund00wallgoog_0374.png"; bbox 0 0 3668 5842; ppageno 0'>
   <div class='ocr_carea' id='block_1_1' title="bbox 435 865 1145 946">
    <p class='ocr_par' dir='ltr' id='par_1_1' title="bbox 435 865 1145 946">
     <span class='ocr_line' id='line_1_1' title="bbox 435 865 1145 946; baseline 0 -1"><span class='ocrx_word' id='word_1_1' title='bbox 435 881 498 946; x_wconf 85' lang='grc'>316</span> <span class='ocrx_word' id='word_1_2' title='bbox 766 893 966 944; x_wconf 81' lang='lat' dir='ltr'>uncrsramr</span> <span class='ocrx_word' id='word_1_3' title='bbox 988 865 1145 945; x_wconf 75' lang='lat' dir='ltr'>sasima</span> 
     </span>
    </p>
   </div>
   <div class='ocr_carea' id='block_1_2' title="bbox 265 1079 1481 3208">
    <p class='ocr_par' dir='ltr' id='par_1_2' title="bbox 265 1079 1481 3208">
     <span class='ocr_line' id='line_1_2' title="bbox 265 1079 1478 1171; baseline -0.002 -21"><span class='ocrx_word' id='word_1_4' title='bbox 265 1091 451 1152; x_wconf 79' lang='lat' dir='ltr'>A.D.14⁵e.“</span> <span class='ocrx_word' id='word_1_5' title='bbox 474 1085 636 1161; x_wconf 88' lang='lat' dir='ltr'>avunculi,</span> <span class='ocrx_word' id='word_1_6' title='bbox 665 1079 868 1171; x_wconf 87' lang='lat' dir='ltr'>¹quinimmo</span> <span class='ocrx_word' id='word_1_7' title='bbox 882 1083 982 1148; x_wconf 88' lang='lat' dir='ltr'>etiam</span> <span class='ocrx_word' id='word_1_8' title='bbox 1007 1082 1164 1148; x_wconf 88' lang='lat' dir='ltr'>miracula</span> <span class='ocrx_word' id='word_1_9' title='bbox 1186 1081 1287 1160; x_wconf 85' lang='lat' dir='ltr'>varia,</span> <span class='ocrx_word' id='word_1_10' title='bbox 1303 1105 1386 1170; x_wconf 85' lang='lat' dir='ltr'>quae,</span> <span class='ocrx_word' id='word_1_11' title='bbox 1409 1089 1478 1149; x_wconf 84' lang='lat' dir='ltr'>tam</span> 
     </span>
     <span class='ocr_line' id='line_1_3' title="bbox 434 1184 1479 1273; baseline -0.001 -22"><span class='ocrx_word' id='word_1_12' title='bbox 434 1195 453 1222; x_wconf 88' lang='lat'><strong>“</strong></span> <span class='ocrx_word' id='word_1_13' title='bbox 474 1191 711 1273; x_wconf 85' lang='lat' dir='ltr'>postmortem,</span> <span class='ocrx_word' id='word_1_14' title='bbox 728 1207 825 1272; x_wconf 84' lang='lat' dir='ltr'>qnam</span> <span class='ocrx_word' id='word_1_15' title='bbox 843 1187 943 1251; x_wconf 86' lang='lat' dir='ltr'>etiam</span> <span class='ocrx_word' id='word_1_16' title='bbox 959 1187 996 1250; x_wconf 95' lang='lat' dir='ltr'>in</span> <span class='ocrx_word' id='word_1_17' title='bbox 1011 1185 1091 1264; x_wconf 87' lang='lat' dir='ltr'>vita,</span> <span class='ocrx_word' id='word_1_18' title='bbox 1109 1184 1281 1249; x_wconf 87' lang='lat' dir='ltr'>Altissimo</span> <span class='ocrx_word' id='word_1_19' title='bbox 1297 1207 1356 1272; x_wconf 86' lang='lat' dir='ltr'>per</span> <span class='ocrx_word' id='word_1_20' title='bbox 1371 1187 1479 1272; x_wconf 84' lang='lat' dir='ltr'>ipsum</span> 
     </span>
     <span class='ocr_line' id='line_1_4' title="bbox 435 1286 1480 1375; baseline 0.002 -24"><span class='ocrx_word' id='word_1_21' title='bbox 435 1288 599 1374; x_wconf 88' lang='lat' dir='ltr'>“placuit</span> <span class='ocrx_word' id='word_1_22' title='bbox 624 1289 760 1375; x_wconf 88' lang='lat' dir='ltr'>operari.</span> <span class='ocrx_word' id='word_1_23' title='bbox 805 1289 851 1353; x_wconf 90' lang='lat' dir='ltr'>Et</span> <span class='ocrx_word' id='word_1_24' title='bbox 870 1288 963 1354; x_wconf 88' lang='lat' dir='ltr'>labor</span> <span class='ocrx_word' id='word_1_25' title='bbox 982 1287 1059 1352; x_wconf 89' lang='lat' dir='ltr'>talis</span> <span class='ocrx_word' id='word_1_26' title='bbox 1083 1286 1176 1352; x_wconf 91' lang='lat' dir='ltr'>nulla</span> <span class='ocrx_word' id='word_1_27' title='bbox 1201 1287 1331 1352; x_wconf 86' lang='lat' dir='ltr'>ratione</span> <span class='ocrx_word' id='word_1_28' title='bbox 1358 1289 1480 1374; x_wconf 83' lang='lat' dir='ltr'>poterit</span> 
     </span>
     <span class='ocr_line' id='line_1_5' title="bbox 433 1388 1481 1476; baseline 0 -20"><span class='ocrx_word' id='word_1_29' title='bbox 433 1399 451 1427; x_wconf 79' lang='lat'>‘¹</span> <span class='ocrx_word' id='word_1_30' title='bbox 474 1413 542 1456; x_wconf 86' lang='lat' dir='ltr'>esse</span> <span class='ocrx_word' id='word_1_31' title='bbox 568 1391 706 1456; x_wconf 89' lang='lat' dir='ltr'>anobis</span> <span class='ocrx_word' id='word_1_32' title='bbox 730 1411 846 1476; x_wconf 83' lang='lat' dir='ltr'>expers</span> <span class='ocrx_word' id='word_1_33' title='bbox 872 1389 987 1455; x_wconf 85' lang='lat' dir='ltr'>landis</span> <span class='ocrx_word' id='word_1_34' title='bbox 1035 1388 1122 1468; x_wconf 80' lang='lat' dir='ltr'>Quia</span> <span class='ocrx_word' id='word_1_35' title='bbox 1146 1410 1221 1454; x_wconf 90' lang='lat' dir='ltr'>cum</span> <span class='ocrx_word' id='word_1_36' title='bbox 1242 1391 1341 1455; x_wconf 85' lang='lat' dir='ltr'>multi</span> <span class='ocrx_word' id='word_1_37' title='bbox 1366 1391 1481 1468; x_wconf 86' lang='lat' dir='ltr'>sanct&#39;,</span> 
     </span>
     <span class='ocr_line' id='line_1_6' title="bbox 432 1490 1479 1578; baseline 0 -20"><span class='ocrx_word' id='word_1_38' title='bbox 432 1501 449 1527; x_wconf 88' lang='lat'><strong>“</strong></span> <span class='ocrx_word' id='word_1_39' title='bbox 472 1493 642 1578; x_wconf 83' lang='lat' dir='ltr'>Scriptura</span> <span class='ocrx_word' id='word_1_40' title='bbox 668 1497 759 1571; x_wconf 83' lang='lat' dir='ltr'>teste,</span> <span class='ocrx_word' id='word_1_41' title='bbox 784 1493 951 1577; x_wconf 77' lang='lat' dir='ltr'>jacuerint</span> <span class='ocrx_word' id='word_1_42' title='bbox 978 1491 1093 1556; x_wconf 83' lang='lat' dir='ltr'>Romae</span> <span class='ocrx_word' id='word_1_43' title='bbox 1123 1490 1160 1554; x_wconf 91' lang='lat' dir='ltr'>in</span> <span class='ocrx_word' id='word_1_44' title='bbox 1186 1491 1252 1556; x_wconf 87' lang='lat' dir='ltr'>Via</span> <span class='ocrx_word' id='word_1_45' title='bbox 1277 1492 1412 1570; x_wconf 84' lang='lat' dir='ltr'>Salaria,</span> <span class='ocrx_word' id='word_1_46' title='bbox 1438 1492 1479 1558; x_wconf 89' lang='lat' dir='ltr'>de</span> 
     </span>
     <span class='ocr_line' id='line_1_7' title="bbox 432 1593 1480 1681; baseline -0.002 -21"><span class='ocrx_word' id='word_1_47' title='bbox 432 1603 449 1631; x_wconf 91' lang='lat'>“</span> <span class='ocrx_word' id='word_1_48' title='bbox 473 1596 591 1681; x_wconf 87' lang='lat' dir='ltr'>quibus</span> <span class='ocrx_word' id='word_1_49' title='bbox 614 1616 674 1660; x_wconf 89' lang='lat' dir='ltr'>nec</span> <span class='ocrx_word' id='word_1_50' title='bbox 700 1593 844 1660; x_wconf 77' lang='lat' dir='ltr'>Ecclesia</span> <span class='ocrx_word' id='word_1_51' title='bbox 869 1594 968 1672; x_wconf 88' lang='lat' dir='ltr'>canit,</span> <span class='ocrx_word' id='word_1_52' title='bbox 995 1613 1055 1658; x_wconf 90' lang='lat' dir='ltr'>nec</span> <span class='ocrx_word' id='word_1_53' title='bbox 1082 1593 1256 1672; x_wconf 87' lang='lat' dir='ltr'>habentur,</span> <span class='ocrx_word' id='word_1_54' title='bbox 1272 1595 1351 1679; x_wconf 89' lang='lat' dir='ltr'>quia</span> <span class='ocrx_word' id='word_1_55' title='bbox 1365 1601 1480 1659; x_wconf 87' lang='lat' dir='ltr'>carent</span> 
     </span>
     <span class='ocr_line' id='line_1_8' title="bbox 433 1695 1480 1784; baseline -0.001 -22"><span class='ocrx_word' id='word_1_56' title='bbox 433 1707 449 1731; x_wconf 91' lang='lat'>“</span> <span class='ocrx_word' id='word_1_57' title='bbox 473 1699 638 1784; x_wconf 78' lang='lat' dir='ltr'>scriptore,</span> <span class='ocrx_word' id='word_1_58' title='bbox 667 1698 701 1761; x_wconf 93' lang='lat' dir='ltr'>in</span> <span class='ocrx_word' id='word_1_59' title='bbox 728 1696 1035 1762; x_wconf 80' lang='lat' dir='ltr'>commemoratione</span> <span class='ocrx_word' id='word_1_60' title='bbox 1060 1695 1153 1780; x_wconf 81' lang='lat' dir='ltr'>qnasi</span> <span class='ocrx_word' id='word_1_61' title='bbox 1181 1695 1269 1776; x_wconf 89' lang='lat' dir='ltr'>ulla;</span> <span class='ocrx_word' id='word_1_62' title='bbox 1292 1696 1355 1760; x_wconf 87' lang='lat' dir='ltr'>nisi</span> <span class='ocrx_word' id='word_1_63' title='bbox 1386 1696 1480 1761; x_wconf 85' lang='lat' dir='ltr'>labor</span> 
     </span>
     <span class='ocr_line' id='line_1_9' title="bbox 434 1797 1479 1884; baseline -0.001 -20"><span class='ocrx_word' id='word_1_64' title='bbox 434 1801 537 1866; x_wconf 88' lang='lat' dir='ltr'>“iste</span> <span class='ocrx_word' id='word_1_65' title='bbox 566 1799 683 1865; x_wconf 88' lang='lat' dir='ltr'>fuisset</span> <span class='ocrx_word' id='word_1_66' title='bbox 712 1806 798 1877; x_wconf 89' lang='lat' dir='ltr'>tuus,</span> <span class='ocrx_word' id='word_1_67' title='bbox 825 1798 984 1884; x_wconf 88' lang='lat' dir='ltr'>jacuisset</span> <span class='ocrx_word' id='word_1_68' title='bbox 1015 1798 1117 1862; x_wconf 88' lang='lat' dir='ltr'>etiam</span> <span class='ocrx_word' id='word_1_69' title='bbox 1148 1797 1201 1862; x_wconf 89' lang='lat' dir='ltr'>hic</span> <span class='ocrx_word' id='word_1_70' title='bbox 1232 1805 1345 1863; x_wconf 90' lang='lat' dir='ltr'>noster</span> <span class='ocrx_word' id='word_1_71' title='bbox 1373 1819 1479 1864; x_wconf 86' lang='lat' dir='ltr'>avun-</span> 
     </span>
     <span class='ocr_line' id='line_1_10' title="bbox 432 1899 1477 1986; baseline -0.003 -19"><span class='ocrx_word' id='word_1_72' title='bbox 432 1909 450 1938; x_wconf 90' lang='lat'><em>“</em></span> <span class='ocrx_word' id='word_1_73' title='bbox 472 1903 573 1982; x_wconf 89' lang='lat' dir='ltr'>culus,</span> <span class='ocrx_word' id='word_1_74' title='bbox 589 1900 865 1986; x_wconf 86' lang='lat' dir='ltr'>quemadmodum</span> <span class='ocrx_word' id='word_1_75' title='bbox 889 1899 939 1964; x_wconf 90' lang='lat' dir='ltr'>illi</span> <span class='ocrx_word' id='word_1_76' title='bbox 966 1921 1025 1986; x_wconf 87' lang='lat' dir='ltr'>pro</span> <span class='ocrx_word' id='word_1_77' title='bbox 1047 1921 1136 1965; x_wconf 89' lang='lat' dir='ltr'>nunc</span> <span class='ocrx_word' id='word_1_78' title='bbox 1153 1899 1275 1984; x_wconf 92' lang='lat' dir='ltr'>jacent,</span> <span class='ocrx_word' id='word_1_79' title='bbox 1291 1903 1381 1965; x_wconf 86' lang='lat' dir='ltr'>inter</span> <span class='ocrx_word' id='word_1_80' title='bbox 1395 1899 1477 1965; x_wconf 89' lang='lat' dir='ltr'>obli-</span> 
     </span>
     <span class='ocr_line' id='line_1_11' title="bbox 432 2001 1477 2090; baseline -0.006 -19"><span class='ocrx_word' id='word_1_81' title='bbox 432 2012 450 2041; x_wconf 93' lang='lat'><em>“</em></span> <span class='ocrx_word' id='word_1_82' title='bbox 472 2017 532 2084; x_wconf 89' lang='lat' dir='ltr'>tos,</span> <span class='ocrx_word' id='word_1_83' title='bbox 562 2005 713 2090; x_wconf 90' lang='lat' dir='ltr'>idemque</span> <span class='ocrx_word' id='word_1_84' title='bbox 741 2002 857 2068; x_wconf 85' lang='lat' dir='ltr'>fuisset</span> <span class='ocrx_word' id='word_1_85' title='bbox 887 2001 990 2088; x_wconf 89' lang='lat' dir='ltr'>ipsius</span> <span class='ocrx_word' id='word_1_86' title='bbox 1019 2001 1114 2066; x_wconf 88' lang='lat' dir='ltr'>brevi</span> <span class='ocrx_word' id='word_1_87' title='bbox 1147 2023 1295 2088; x_wconf 86' lang='lat' dir='ltr'>processu</span> <span class='ocrx_word' id='word_1_88' title='bbox 1319 2002 1477 2088; x_wconf 85' lang='lat' dir='ltr'>temporis</span> 
     </span>
     <span class='ocr_line' id='line_1_12' title="bbox 433 2103 1478 2191; baseline -0.004 -19"><span class='ocrx_word' id='word_1_89' title='bbox 433 2114 451 2144; x_wconf 93' lang='lat'><strong>“</strong></span> <span class='ocrx_word' id='word_1_90' title='bbox 476 2109 632 2184; x_wconf 89' lang='lat' dir='ltr'>decessus,</span> <span class='ocrx_word' id='word_1_91' title='bbox 656 2110 690 2170; x_wconf 91' lang='lat' dir='ltr'>et</span> <span class='ocrx_word' id='word_1_92' title='bbox 714 2104 858 2191; x_wconf 87' lang='lat' dir='ltr'>cujusvis</span> <span class='ocrx_word' id='word_1_93' title='bbox 883 2103 1057 2185; x_wconf 86' lang='lat' dir='ltr'>inferioris,</span> <span class='ocrx_word' id='word_1_94' title='bbox 1087 2104 1156 2168; x_wconf 88' lang='lat' dir='ltr'>sive</span> <span class='ocrx_word' id='word_1_95' title='bbox 1181 2105 1289 2168; x_wconf 83' lang='lat' dir='ltr'>infimi</span> <span class='ocrx_word' id='word_1_96' title='bbox 1304 2104 1478 2170; x_wconf 86' lang='lat' dir='ltr'>confratris</span> 
     </span>
     <span class='ocr_line' id='line_1_13' title="bbox 432 2205 1477 2294; baseline -0.005 -19"><span class='ocrx_word' id='word_1_97' title='bbox 432 2220 449 2245; x_wconf 89' lang='lat'><em>“</em></span> <span class='ocrx_word' id='word_1_98' title='bbox 471 2210 614 2284; x_wconf 84' lang='lat' dir='ltr'>alterius,</span> <span class='ocrx_word' id='word_1_99' title='bbox 639 2207 697 2294; x_wconf 91' lang='lat' dir='ltr'>qui</span> <span class='ocrx_word' id='word_1_100' title='bbox 719 2208 789 2293; x_wconf 90' lang='lat' dir='ltr'>ipso</span> <span class='ocrx_word' id='word_1_101' title='bbox 811 2206 865 2273; x_wconf 92' lang='lat' dir='ltr'>die</span> <span class='ocrx_word' id='word_1_102' title='bbox 888 2227 953 2292; x_wconf 90' lang='lat' dir='ltr'>quo</span> <span class='ocrx_word' id='word_1_103' title='bbox 975 2207 1124 2286; x_wconf 87' lang='lat' dir='ltr'>moritur,</span> <span class='ocrx_word' id='word_1_104' title='bbox 1147 2205 1204 2271; x_wconf 85' lang='lat' dir='ltr'>illo</span> <span class='ocrx_word' id='word_1_105' title='bbox 1235 2207 1289 2272; x_wconf 90' lang='lat' dir='ltr'>die</span> <span class='ocrx_word' id='word_1_106' title='bbox 1312 2207 1477 2272; x_wconf 88' lang='lat' dir='ltr'>oblivisci-</span> 
     </span>
     <span class='ocr_line' id='line_1_14' title="bbox 432 2309 1476 2388; baseline -0.006 -10"><span class='ocrx_word' id='word_1_107' title='bbox 432 2319 450 2346; x_wconf 87' lang='lat'><em>“</em></span> <span class='ocrx_word' id='word_1_108' title='bbox 473 2319 536 2388; x_wconf 90' lang='lat' dir='ltr'>tur,</span> <span class='ocrx_word' id='word_1_109' title='bbox 559 2333 619 2376; x_wconf 88' lang='lat' dir='ltr'>nec</span> <span class='ocrx_word' id='word_1_110' title='bbox 649 2316 752 2376; x_wconf 85' lang='lat' dir='ltr'>restat</span> <span class='ocrx_word' id='word_1_111' title='bbox 778 2309 918 2375; x_wconf 86' lang='lat' dir='ltr'>ulterius</span> <span class='ocrx_word' id='word_1_112' title='bbox 940 2309 1106 2388; x_wconf 83' lang='lat' dir='ltr'>memoria,</span> <span class='ocrx_word' id='word_1_113' title='bbox 1129 2309 1199 2374; x_wconf 89' lang='lat' dir='ltr'>sive</span> <span class='ocrx_word' id='word_1_114' title='bbox 1222 2309 1476 2386; x_wconf 81' lang='lat' dir='ltr'>reminiscentia,</span> 
     </span>
     <span class='ocr_line' id='line_1_15' title="bbox 431 2411 1473 2499; baseline -0.003 -20"><span class='ocrx_word' id='word_1_115' title='bbox 431 2423 449 2451; x_wconf 87' lang='lat'><strong>“</strong></span> <span class='ocrx_word' id='word_1_116' title='bbox 473 2417 513 2479; x_wconf 90' lang='lat' dir='ltr'>de</span> <span class='ocrx_word' id='word_1_117' title='bbox 535 2434 673 2499; x_wconf 82' lang='lat' dir='ltr'>persona</span> <span class='ocrx_word' id='word_1_118' title='bbox 694 2411 792 2477; x_wconf 87' lang='lat' dir='ltr'>illius</span> <span class='ocrx_word' id='word_1_119' title='bbox 837 2411 902 2476; x_wconf 89' lang='lat' dir='ltr'>Per</span> <span class='ocrx_word' id='word_1_120' title='bbox 923 2415 958 2475; x_wconf 89' lang='lat' dir='ltr'>te</span> <span class='ocrx_word' id='word_1_121' title='bbox 979 2415 1100 2489; x_wconf 90' lang='lat' dir='ltr'>tamen,</span> <span class='ocrx_word' id='word_1_122' title='bbox 1123 2419 1363 2496; x_wconf 86' lang='lat' dir='ltr'>perque-tuum</span> <span class='ocrx_word' id='word_1_123' title='bbox 1385 2411 1473 2476; x_wconf 90' lang='lat' dir='ltr'>labo·</span> 
     </span>
     <span class='ocr_line' id='line_1_16' title="bbox 433 2511 1476 2602; baseline -0.003 -22"><span class='ocrx_word' id='word_1_124' title='bbox 433 2526 451 2552; x_wconf 90' lang='lat'><strong>“</strong></span> <span class='ocrx_word' id='word_1_125' title='bbox 473 2539 551 2597; x_wconf 88' lang='lat' dir='ltr'>rem,</span> <span class='ocrx_word' id='word_1_126' title='bbox 574 2517 620 2580; x_wconf 86' lang='lat' dir='ltr'>sic</span> <span class='ocrx_word' id='word_1_127' title='bbox 651 2537 710 2602; x_wconf 92' lang='lat' dir='ltr'>pro</span> <span class='ocrx_word' id='word_1_128' title='bbox 732 2535 821 2578; x_wconf 93' lang='lat' dir='ltr'>nunc</span> <span class='ocrx_word' id='word_1_129' title='bbox 842 2511 1035 2578; x_wconf 87' lang='lat' dir='ltr'>inscribitur</span> <span class='ocrx_word' id='word_1_130' title='bbox 1057 2533 1175 2577; x_wconf 87' lang='lat' dir='ltr'>nomen</span> <span class='ocrx_word' id='word_1_131' title='bbox 1199 2513 1302 2598; x_wconf 89' lang='lat' dir='ltr'>ipsius</span> <span class='ocrx_word' id='word_1_132' title='bbox 1332 2513 1368 2577; x_wconf 92' lang='lat' dir='ltr'>in</span> <span class='ocrx_word' id='word_1_133' title='bbox 1392 2513 1476 2578; x_wconf 90' lang='lat' dir='ltr'>libro</span> 
     </span>
     <span class='ocr_line' id='line_1_17' title="bbox 433 2613 1476 2702; baseline -0.002 -20"><span class='ocrx_word' id='word_1_134' title='bbox 433 2627 451 2654; x_wconf 90' lang='lat'><em>“</em></span> <span class='ocrx_word' id='word_1_135' title='bbox 474 2618 709 2684; x_wconf 87' lang='lat' dir='ltr'>recordationis</span> <span class='ocrx_word' id='word_1_136' title='bbox 731 2622 765 2682; x_wconf 90' lang='lat' dir='ltr'>et</span> <span class='ocrx_word' id='word_1_137' title='bbox 791 2616 1053 2694; x_wconf 76' lang='lat' dir='ltr'>reminiscentiae,</span> <span class='ocrx_word' id='word_1_138' title='bbox 1077 2615 1112 2678; x_wconf 91' lang='lat' dir='ltr'>in</span> <span class='ocrx_word' id='word_1_139' title='bbox 1137 2613 1316 2702; x_wconf 81' lang='lat' dir='ltr'>²Oatalogo</span> <span class='ocrx_word' id='word_1_140' title='bbox 1339 2617 1476 2681; x_wconf 87' lang='lat' dir='ltr'>Sancto-</span> 
     </span>
     <span class='ocr_line' id='line_1_18' title="bbox 432 2717 1478 2802; baseline -0.003 -16"><span class='ocrx_word' id='word_1_141' title='bbox 432 2729 449 2757; x_wconf 92' lang='lat'><strong>“</strong></span> <span class='ocrx_word' id='word_1_142' title='bbox 472 2743 555 2802; x_wconf 91' lang='lat' dir='ltr'>rum,</span> <span class='ocrx_word' id='word_1_143' title='bbox 579 2729 613 2786; x_wconf 86' lang='lat' dir='ltr'>et</span> <span class='ocrx_word' id='word_1_144' title='bbox 645 2720 682 2784; x_wconf 90' lang='lat' dir='ltr'>in</span> <span class='ocrx_word' id='word_1_145' title='bbox 713 2717 822 2783; x_wconf 90' lang='lat' dir='ltr'>codice</span> <span class='ocrx_word' id='word_1_146' title='bbox 844 2717 935 2795; x_wconf 85' lang='lat' dir='ltr'>vitae,</span> <span class='ocrx_word' id='word_1_147' title='bbox 965 2717 1053 2802; x_wconf 91' lang='lat' dir='ltr'>quod</span> <span class='ocrx_word' id='word_1_148' title='bbox 1075 2717 1154 2781; x_wconf 88' lang='lat' dir='ltr'>dum</span> <span class='ocrx_word' id='word_1_149' title='bbox 1177 2717 1226 2780; x_wconf 85' lang='lat' dir='ltr'>sol</span> <span class='ocrx_word' id='word_1_150' title='bbox 1248 2718 1385 2782; x_wconf 87' lang='lat' dir='ltr'>daturus</span> <span class='ocrx_word' id='word_1_151' title='bbox 1415 2718 1478 2783; x_wconf 88' lang='lat' dir='ltr'>erit</span> 
     </span>
     <span class='ocr_line' id='line_1_19' title="bbox 433 2817 1475 2908; baseline -0.007 -19"><span class='ocrx_word' id='word_1_152' title='bbox 433 2831 449 2860; x_wconf 82' lang='lat'>‘¹</span> <span class='ocrx_word' id='word_1_153' title='bbox 472 2824 611 2900; x_wconf 87' lang='lat' dir='ltr'>radium,</span> <span class='ocrx_word' id='word_1_154' title='bbox 635 2823 817 2908; x_wconf 84' lang='lat' dir='ltr'>planeteevc</span> <span class='ocrx_word' id='word_1_155' title='bbox 851 2819 962 2885; x_wconf 76' lang='lat' dir='ltr'>aeteri</span> <span class='ocrx_word' id='word_1_156' title='bbox 995 2819 1145 2884; x_wconf 88' lang='lat' dir='ltr'>emissuri</span> <span class='ocrx_word' id='word_1_157' title='bbox 1176 2817 1475 2899; x_wconf 79' lang='lat' dir='ltr'>³scintillationem,</span> 
     </span>
     <span class='ocr_line' id='line_1_20' title="bbox 433 2919 1477 3002; baseline -0.004 -12"><span class='ocrx_word' id='word_1_158' title='bbox 433 2933 450 2960; x_wconf 91' lang='lat'><strong>“</strong></span> <span class='ocrx_word' id='word_1_159' title='bbox 472 2947 533 2991; x_wconf 92' lang='lat' dir='ltr'>nec</span> <span class='ocrx_word' id='word_1_160' title='bbox 554 2925 677 2990; x_wconf 85' lang='lat' dir='ltr'>ferrum</span> <span class='ocrx_word' id='word_1_161' title='bbox 703 2921 869 3002; x_wconf 78' lang='lat' dir='ltr'>abradere,</span> <span class='ocrx_word' id='word_1_162' title='bbox 891 2941 952 2986; x_wconf 91' lang='lat' dir='ltr'>nec</span> <span class='ocrx_word' id='word_1_163' title='bbox 981 2919 1170 2985; x_wconf 89' lang='lat' dir='ltr'>incendium</span> <span class='ocrx_word' id='word_1_164' title='bbox 1200 2943 1396 2998; x_wconf 89' lang='lat' dir='ltr'>consumere,</span> <span class='ocrx_word' id='word_1_165' title='bbox 1418 2943 1477 2986; x_wconf 90' lang='lat' dir='ltr'>nec</span> 
     </span>
     <span class='ocr_line' id='line_1_21' title="bbox 432 3021 1476 3108; baseline -0.006 -16"><span class='ocrx_word' id='word_1_166' title='bbox 432 3039 451 3066; x_wconf 87' lang='lat'><strong>“</strong></span> <span class='ocrx_word' id='word_1_167' title='bbox 472 3028 541 3092; x_wconf 82' lang='lat' dir='ltr'>ulla</span> <span class='ocrx_word' id='word_1_168' title='bbox 563 3026 690 3091; x_wconf 82' lang='lat' dir='ltr'>valebit</span> <span class='ocrx_word' id='word_1_169' title='bbox 711 3028 872 3100; x_wconf 84' lang='lat' dir='ltr'>vetustas,</span> <span class='ocrx_word' id='word_1_170' title='bbox 888 3021 958 3088; x_wconf 84' lang='lat' dir='ltr'>sive</span> <span class='ocrx_word' id='word_1_171' title='bbox 973 3022 1165 3108; x_wconf 85' lang='lat' dir='ltr'>antiquitas,</span> <span class='ocrx_word' id='word_1_172' title='bbox 1180 3023 1329 3104; x_wconf 82' lang='lat' dir='ltr'>abolere3</span> <span class='ocrx_word' id='word_1_173' title='bbox 1352 3023 1476 3087; x_wconf 73' lang='lat' dir='ltr'>*immo</span> 
     </span>
     <span class='ocr_line' id='line_1_22' title="bbox 432 3123 1189 3208; baseline -0.005 -14"><span class='ocrx_word' id='word_1_174' title='bbox 432 3137 449 3166; x_wconf 91' lang='lat'>“</span> <span class='ocrx_word' id='word_1_175' title='bbox 471 3131 589 3208; x_wconf 86' lang='lat' dir='ltr'>verius,</span> <span class='ocrx_word' id='word_1_176' title='bbox 615 3133 654 3192; x_wconf 91' lang='lat' dir='ltr'>ut</span> <span class='ocrx_word' id='word_1_177' title='bbox 677 3127 787 3192; x_wconf 90' lang='lat' dir='ltr'>verbis</span> <span class='ocrx_word' id='word_1_178' title='bbox 810 3131 944 3190; x_wconf 86' lang='lat' dir='ltr'>utamur</span> <span class='ocrx_word' id='word_1_179' title='bbox 965 3123 1189 3203; x_wconf 67' lang='lat' dir='ltr'>¹&#39;Maronis-</span> 
     </span>
    </p>
   </div>
   <div class='ocr_carea' id='block_1_3' title="bbox 477 3250 1476 3747">
    <p class='ocr_par' dir='ltr' id='par_1_3' title="bbox 477 3250 1474 3341">
     <span class='ocr_line' id='line_1_23' title="bbox 477 3250 1474 3341; baseline -0.004 -21"><span class='ocrx_word' id='word_1_180' title='bbox 477 3263 494 3290; x_wconf 87' lang='lat'><strong>“</strong></span> <span class='ocrx_word' id='word_1_181' title='bbox 516 3265 523 3292; x_wconf 92' lang='lat'>‘</span> <span class='ocrx_word' id='word_1_182' title='bbox 541 3257 630 3320; x_wconf 88' lang='lat' dir='ltr'>Dum</span> <span class='ocrx_word' id='word_1_183' title='bbox 650 3257 732 3341; x_wconf 83' lang='lat' dir='ltr'>juga</span> <span class='ocrx_word' id='word_1_184' title='bbox 746 3251 870 3318; x_wconf 86' lang='lat' dir='ltr'>montis</span> <span class='ocrx_word' id='word_1_185' title='bbox 885 3272 971 3338; x_wconf 89' lang='lat' dir='ltr'>aper,</span> <span class='ocrx_word' id='word_1_186' title='bbox 986 3250 1106 3316; x_wconf 84' lang='lat' dir='ltr'>fluvios</span> <span class='ocrx_word' id='word_1_187' title='bbox 1129 3251 1206 3316; x_wconf 89' lang='lat' dir='ltr'>dum</span> <span class='ocrx_word' id='word_1_188' title='bbox 1224 3253 1321 3338; x_wconf 85' lang='lat' dir='ltr'>piscis</span> <span class='ocrx_word' id='word_1_189' title='bbox 1341 3251 1474 3328; x_wconf 85' lang='lat' dir='ltr'>amabit,</span> 
     </span>
    </p>

    <p class='ocr_par' dir='ltr' id='par_1_4' title="bbox 478 3353 1475 3442">
     <span class='ocr_line' id='line_1_24' title="bbox 478 3353 1475 3442; baseline -0.003 -20"><span class='ocrx_word' id='word_1_190' title='bbox 478 3367 494 3393; x_wconf 92' lang='lat'><strong>“</strong></span> <span class='ocrx_word' id='word_1_191' title='bbox 519 3366 526 3392; x_wconf 89' lang='lat'>‘</span> <span class='ocrx_word' id='word_1_192' title='bbox 542 3359 694 3442; x_wconf 90' lang='lat' dir='ltr'>Dumque</span> <span class='ocrx_word' id='word_1_193' title='bbox 717 3354 856 3440; x_wconf 78' lang='lat' dir='ltr'>⁶tliym0</span> <span class='ocrx_word' id='word_1_194' title='bbox 874 3359 1049 3440; x_wconf 84' lang='lat' dir='ltr'>pascentur</span> <span class='ocrx_word' id='word_1_195' title='bbox 1063 3375 1150 3440; x_wconf 83' lang='lat' dir='ltr'>opes,</span> <span class='ocrx_word' id='word_1_196' title='bbox 1166 3353 1246 3418; x_wconf 90' lang='lat' dir='ltr'>dum</span> <span class='ocrx_word' id='word_1_197' title='bbox 1260 3375 1333 3418; x_wconf 89' lang='lat' dir='ltr'>rore</span> <span class='ocrx_word' id='word_1_198' title='bbox 1349 3354 1475 3432; x_wconf 86' lang='lat' dir='ltr'>cicadae,</span> 
     </span>
    </p>

    <p class='ocr_par' dir='ltr' id='par_1_5' title="bbox 477 3455 1476 3624">
     <span class='ocr_line' id='line_1_25' title="bbox 477 3455 1476 3535; baseline -0.002 -13"><span class='ocrx_word' id='word_1_199' title='bbox 477 3465 494 3496; x_wconf 84' lang='lat'>‘⁸</span> <span class='ocrx_word' id='word_1_200' title='bbox 516 3459 583 3522; x_wconf 84' lang='lat' dir='ltr'>‘In</span> <span class='ocrx_word' id='word_1_201' title='bbox 605 3459 691 3522; x_wconf 84' lang='lat' dir='ltr'>freta</span> <span class='ocrx_word' id='word_1_202' title='bbox 713 3458 793 3522; x_wconf 91' lang='lat' dir='ltr'>dum</span> <span class='ocrx_word' id='word_1_203' title='bbox 816 3456 912 3520; x_wconf 87' lang='lat' dir='ltr'>fluvii</span> <span class='ocrx_word' id='word_1_204' title='bbox 934 3461 1075 3535; x_wconf 84' lang='lat' dir='ltr'>current,</span> <span class='ocrx_word' id='word_1_205' title='bbox 1099 3455 1179 3519; x_wconf 92' lang='lat' dir='ltr'>dum</span> <span class='ocrx_word' id='word_1_206' title='bbox 1209 3455 1376 3520; x_wconf 87' lang='lat' dir='ltr'>montibus</span> <span class='ocrx_word' id='word_1_207' title='bbox 1405 3479 1476 3520; x_wconf 90' lang='lat' dir='ltr'>um-</span> 
     </span>
     <span class='ocr_line' id='line_1_26' title="bbox 522 3561 652 3624; baseline -0.008 0"><span class='ocrx_word' id='word_1_208' title='bbox 522 3567 538 3596; x_wconf 91' lang='lat'><strong>“</strong></span> <span class='ocrx_word' id='word_1_209' title='bbox 562 3561 652 3624; x_wconf 85' lang='lat' dir='ltr'>‘brae</span> 
     </span>
    </p>

    <p class='ocr_par' dir='ltr' id='par_1_6' title="bbox 478 3659 1410 3747">
     <span class='ocr_line' id='line_1_27' title="bbox 478 3659 1410 3747; baseline -0.001 -21"><span class='ocrx_word' id='word_1_210' title='bbox 478 3671 494 3697; x_wconf 78' lang='lat'>‘¹</span> <span class='ocrx_word' id='word_1_211' title='bbox 519 3661 747 3747; x_wconf 74' lang='lat' dir='ltr'>‘Lustrnbunt</span> <span class='ocrx_word' id='word_1_212' title='bbox 769 3681 923 3737; x_wconf 89' lang='lat' dir='ltr'>convexa,</span> <span class='ocrx_word' id='word_1_213' title='bbox 945 3659 1038 3745; x_wconf 83' lang='lat' dir='ltr'>polus</span> <span class='ocrx_word' id='word_1_214' title='bbox 1060 3659 1139 3723; x_wconf 91' lang='lat' dir='ltr'>dum</span> <span class='ocrx_word' id='word_1_215' title='bbox 1162 3659 1268 3724; x_wconf 84' lang='lat' dir='ltr'>sidera</span> <span class='ocrx_word' id='word_1_216' title='bbox 1292 3666 1410 3747; x_wconf 86' lang='lat' dir='ltr'>pascet,</span> 
     </span>
    </p>
   </div>
   <div class='ocr_carea' id='block_1_4' title="bbox 477 3761 1475 3930">
    <p class='ocr_par' dir='ltr' id='par_1_7' title="bbox 477 3761 1475 3930">
     <span class='ocr_line' id='line_1_28' title="bbox 477 3761 1475 3849; baseline 0 -20"><span class='ocrx_word' id='word_1_217' title='bbox 477 3775 494 3800; x_wconf 92' lang='lat'><strong>“</strong></span> <span class='ocrx_word' id='word_1_218' title='bbox 517 3765 676 3849; x_wconf 88' lang='lat' dir='ltr'>‘Semper</span> <span class='ocrx_word' id='word_1_219' title='bbox 698 3763 808 3842; x_wconf 89' lang='lat' dir='ltr'>honos,</span> <span class='ocrx_word' id='word_1_220' title='bbox 831 3781 1014 3847; x_wconf 90' lang='lat' dir='ltr'>nomenque</span> <span class='ocrx_word' id='word_1_221' title='bbox 1037 3783 1141 3841; x_wconf 89' lang='lat' dir='ltr'>suum,</span> <span class='ocrx_word' id='word_1_222' title='bbox 1164 3761 1340 3847; x_wconf 84' lang='lat' dir='ltr'>laudesque</span> <span class='ocrx_word' id='word_1_223' title='bbox 1366 3785 1475 3829; x_wconf 87' lang='lat' dir='ltr'>mane-</span> 
     </span>
     <span class='ocr_line' id='line_1_29' title="bbox 521 3865 688 3930; baseline -0.012 0"><span class='ocrx_word' id='word_1_224' title='bbox 521 3872 539 3902; x_wconf 87' lang='lat'><strong>“</strong></span> <span class='ocrx_word' id='word_1_225' title='bbox 563 3865 688 3930; x_wconf 85' lang='lat' dir='ltr'>‘bunt&#39;</span> 
     </span>
    </p>
   </div>
   <div class='ocr_carea' id='block_1_5' title="bbox 430 3987 1476 4281">
    <p class='ocr_par' dir='ltr' id='par_1_8' title="bbox 430 3987 1476 4281">
     <span class='ocr_line' id='line_1_30' title="bbox 431 3987 1475 4078; baseline 0.001 -21"><span class='ocrx_word' id='word_1_226' title='bbox 431 3991 546 4057; x_wconf 87' lang='lat' dir='ltr'>“Tibi</span> <span class='ocrx_word' id='word_1_227' title='bbox 576 3992 688 4078; x_wconf 83' lang='lat' dir='ltr'>igitur,</span> <span class='ocrx_word' id='word_1_228' title='bbox 719 3989 827 4054; x_wconf 87' lang='lat' dir='ltr'>adhuc</span> <span class='ocrx_word' id='word_1_229' title='bbox 861 3994 987 4075; x_wconf 87' lang='lat' dir='ltr'>quarto,</span> <span class='ocrx_word' id='word_1_230' title='bbox 1018 3988 1098 4068; x_wconf 87' lang='lat' dir='ltr'>laus,</span> <span class='ocrx_word' id='word_1_231' title='bbox 1132 3987 1196 4052; x_wconf 87' lang='lat' dir='ltr'>tibi</span> <span class='ocrx_word' id='word_1_232' title='bbox 1228 3989 1329 4054; x_wconf 90' lang='lat' dir='ltr'>etiam</span> <span class='ocrx_word' id='word_1_233' title='bbox 1360 3992 1475 4078; x_wconf 86' lang='lat' dir='ltr'>gloria,</span> 
     </span>
     <span class='ocr_line' id='line_1_31' title="bbox 430 4089 1476 4180; baseline 0.001 -21"><span class='ocrx_word' id='word_1_234' title='bbox 430 4107 448 4131; x_wconf 85' lang='lat'>“</span> <span class='ocrx_word' id='word_1_235' title='bbox 471 4095 534 4160; x_wconf 86' lang='lat' dir='ltr'>tibi</span> <span class='ocrx_word' id='word_1_236' title='bbox 558 4095 691 4179; x_wconf 86' lang='lat' dir='ltr'>insuper</span> <span class='ocrx_word' id='word_1_237' title='bbox 713 4092 895 4179; x_wconf 83' lang='lat' dir='ltr'>gratiarum</span> <span class='ocrx_word' id='word_1_238' title='bbox 916 4091 1011 4172; x_wconf 89' lang='lat' dir='ltr'>actio,</span> <span class='ocrx_word' id='word_1_239' title='bbox 1027 4097 1098 4155; x_wconf 82' lang='lat' dir='ltr'>tam</span> <span class='ocrx_word' id='word_1_240' title='bbox 1116 4089 1151 4154; x_wconf 94' lang='lat' dir='ltr'>in</span> <span class='ocrx_word' id='word_1_241' title='bbox 1169 4090 1231 4156; x_wconf 92' lang='lat' dir='ltr'>hoc</span> <span class='ocrx_word' id='word_1_242' title='bbox 1254 4093 1371 4157; x_wconf 80' lang='lat' dir='ltr'>saeculo</span> <span class='ocrx_word' id='word_1_243' title='bbox 1393 4115 1476 4180; x_wconf 83' lang='lat' dir='ltr'>prae-</span> 
     </span>
     <span class='ocr_line' id='line_1_32' title="bbox 433 4191 1200 4281; baseline -0.009 -19"><span class='ocrx_word' id='word_1_244' title='bbox 433 4205 449 4232; x_wconf 88' lang='lat'><strong>“</strong></span> <span class='ocrx_word' id='word_1_245' title='bbox 472 4197 567 4274; x_wconf 87' lang='lat' dir='ltr'>senti,</span> <span class='ocrx_word' id='word_1_246' title='bbox 591 4217 688 4281; x_wconf 83' lang='lat' dir='ltr'>quam</span> <span class='ocrx_word' id='word_1_247' title='bbox 712 4193 814 4258; x_wconf 91' lang='lat' dir='ltr'>etiam</span> <span class='ocrx_word' id='word_1_248' title='bbox 840 4193 875 4258; x_wconf 92' lang='lat' dir='ltr'>in</span> <span class='ocrx_word' id='word_1_249' title='bbox 898 4192 1019 4256; x_wconf 85' lang='lat' dir='ltr'>futuro.</span> <span class='ocrx_word' id='word_1_250' title='bbox 1065 4191 1200 4257; x_wconf 89' lang='lat' dir='ltr'>Amen.&#39;’</span> 
     </span>
    </p>
   </div>
   <div class='ocr_carea' id='block_1_6' title="bbox 464 4389 1476 4696">
    <p class='ocr_par' dir='ltr' id='par_1_9' title="bbox 464 4389 1476 4696">
     <span class='ocr_line' id='line_1_33' title="bbox 467 4389 1476 4460; baseline 0.004 -18"><span class='ocrx_word' id='word_1_251' title='bbox 467 4395 595 4460; x_wconf 75' lang='lat' dir='ltr'>¹qur&#39;nymo</span> <span class='ocrx_word' id='word_1_252' title='bbox 607 4393 632 4442; x_wconf 91' lang='lat' dir='ltr'>in</span> <span class='ocrx_word' id='word_1_253' title='bbox 644 4391 701 4443; x_wconf 80' lang='lat' dir='ltr'>Ms.</span> <span class='ocrx_word' id='word_1_254' title='bbox 1004 4389 1184 4455; x_wconf 69' lang='lat' dir='ltr'>‘VirgiLEcL</span> <span class='ocrx_word' id='word_1_255' title='bbox 1194 4407 1219 4441; x_wconf 84' lang='lat' dir='ltr'>v.</span> <span class='ocrx_word' id='word_1_256' title='bbox 1228 4392 1254 4441; x_wconf 92' lang='lat' dir='ltr'>ll.</span> <span class='ocrx_word' id='word_1_257' title='bbox 1264 4397 1303 4454; x_wconf 83' lang='grc'>76,</span> <span class='ocrx_word' id='word_1_258' title='bbox 1313 4397 1476 4457; x_wconf 79' lang='lat' dir='ltr'>77,78,asto</span> 
     </span>
     <span class='ocr_line' id='line_1_34' title="bbox 465 4469 1475 4538; baseline 0.002 -15"><span class='ocrx_word' id='word_1_259' title='bbox 465 4469 724 4538; x_wconf 64' lang='lat' dir='ltr'>eCczetoloqcinMS¹</span> <span class='ocrx_word' id='word_1_260' title='bbox 971 4469 1035 4521; x_wconf 83' lang='lat' dir='ltr'>lines</span> <span class='ocrx_word' id='word_1_261' title='bbox 1049 4474 1108 4531; x_wconf 79' lang='lat'>1,2,</span> <span class='ocrx_word' id='word_1_262' title='bbox 1118 4471 1169 4520; x_wconf 82' lang='lat' dir='ltr'>and</span> <span class='ocrx_word' id='word_1_263' title='bbox 1186 4475 1210 4534; x_wconf 80' lang='grc'>5,</span> <span class='ocrx_word' id='word_1_264' title='bbox 1222 4471 1253 4521; x_wconf 82' lang='lat' dir='ltr'>of</span> <span class='ocrx_word' id='word_1_265' title='bbox 1268 4473 1311 4522; x_wconf 83' lang='lat' dir='ltr'>the</span> <span class='ocrx_word' id='word_1_266' title='bbox 1328 4474 1475 4536; x_wconf 73' lang='lat' dir='ltr'>quotation3</span> 
     </span>
     <span class='ocr_line' id='line_1_35' title="bbox 464 4548 1466 4614; baseline -0.002 -12"><span class='ocrx_word' id='word_1_267' title='bbox 464 4551 663 4602; x_wconf 76' lang='lat' dir='ltr'>³sintillaticnem</span> <span class='ocrx_word' id='word_1_268' title='bbox 673 4549 700 4600; x_wconf 90' lang='lat' dir='ltr'>in</span> <span class='ocrx_word' id='word_1_269' title='bbox 710 4549 767 4603; x_wconf 81' lang='lat' dir='ltr'>MS.</span> <span class='ocrx_word' id='word_1_270' title='bbox 969 4548 1064 4600; x_wconf 72' lang='lat' dir='ltr'>AEneae&#39;d</span> <span class='ocrx_word' id='word_1_271' title='bbox 1072 4548 1089 4600; x_wconf 89' lang='lat' dir='ltr'>i.</span> <span class='ocrx_word' id='word_1_272' title='bbox 1101 4549 1127 4599; x_wconf 84' lang='lat'>11.</span> <span class='ocrx_word' id='word_1_273' title='bbox 1139 4553 1197 4612; x_wconf 75' lang='lat'>607,</span> <span class='ocrx_word' id='word_1_274' title='bbox 1208 4553 1266 4614; x_wconf 78' lang='grc'><strong>608,</strong></span> <span class='ocrx_word' id='word_1_275' title='bbox 1277 4549 1339 4602; x_wconf 81' lang='lat' dir='ltr'>lines</span> <span class='ocrx_word' id='word_1_276' title='bbox 1350 4557 1365 4602; x_wconf 82' lang='lat'><strong>3</strong></span> <span class='ocrx_word' id='word_1_277' title='bbox 1377 4554 1429 4604; x_wconf 79' lang='lat' dir='ltr'>end</span> <span class='ocrx_word' id='word_1_278' title='bbox 1439 4559 1466 4602; x_wconf 88' lang='grc'>4.</span> 
     </span>
     <span class='ocr_line' id='line_1_36' title="bbox 464 4627 1187 4696; baseline -0.003 -16"><span class='ocrx_word' id='word_1_279' title='bbox 464 4632 474 4662; x_wconf 89' lang='lat'><strong>⁴</strong></span> <span class='ocrx_word' id='word_1_280' title='bbox 483 4647 536 4696; x_wconf 80' lang='lat' dir='ltr'>ymo</span> <span class='ocrx_word' id='word_1_281' title='bbox 548 4631 573 4680; x_wconf 89' lang='lat' dir='ltr'>in</span> <span class='ocrx_word' id='word_1_282' title='bbox 585 4631 642 4681; x_wconf 89' lang='lat' dir='ltr'>MS.</span> <span class='ocrx_word' id='word_1_283' title='bbox 1000 4627 1011 4661; x_wconf 82' lang='lat'>⁸</span> <span class='ocrx_word' id='word_1_284' title='bbox 1025 4629 1080 4678; x_wconf 77' lang='lat' dir='ltr'>timo</span> <span class='ocrx_word' id='word_1_285' title='bbox 1090 4627 1116 4678; x_wconf 87' lang='lat' dir='ltr'>in</span> <span class='ocrx_word' id='word_1_286' title='bbox 1128 4628 1187 4680; x_wconf 80' lang='lat' dir='ltr'>MS.</span> 
     </span>
    </p>
   </div>
   <div class='ocr_carea' id='block_1_7' title="bbox 0 0 1838 5842">
    <p class='ocr_par' dir='ltr' id='par_1_10' title="bbox 0 0 1838 5842">
     <span class='ocr_line' id='line_1_37' title="bbox 0 0 1838 5842; baseline 0 0"><span class='ocrx_word' id='word_1_287' title='bbox 0 0 1838 5842; x_wconf 95' lang='lat' dir='ltr'> </span> 
     </span>
    </p>
   </div>
  </div>
 </body>
</html>
