3588 5838
418 869 460 932 50
749 882 947 932 amrsmuu
969 880 1127 932 rancun

249 1067 435 1126 AD.1448.“
458 1063 532 1128 ‘tui
565 1062 676 1150 aiiquo
709 1064 807 1130 modo
823 1063 1085 1152 ¹pcrtinentibus,
1117 1063 1186 1130 sive
1219 1062 1465 1150 spectantibus;

418 1173 435 1200 “
458 1166 669 1232 ‘habendum
690 1171 725 1232 et
747 1167 929 1234 tenendum
950 1167 1141 1232 Priorstum
1162 1167 1367 1253 praedictum,
1389 1185 1463 1230 cum

417 1275 434 1302 “
457 1269 632 1334 ‘omnibus
654 1269 829 1356 praemissis
851 1275 885 1336 et
908 1269 1046 1356 singulis
1068 1270 1136 1334 suis
1154 1269 1293 1354 juribus,
1314 1273 1349 1333 et
1363 1265 1464 1354 perti·

273 1355 287 1374 ¹
416 1378 434 1405 “
457 1373 601 1438 ‘nentiis
631 1372 804 1459 praediotis,
834 1371 980 1460 praefatis
1002 1371 1128 1438 Abbati
1150 1377 1183 1438 et
1212 1369 1408 1446 Conventui,
1431 1376 1465 1434 et

416 1481 433 1507 “
456 1475 714 1541 ‘successoribus
748 1475 817 1541 suis
852 1475 911 1540 ¹in
949 1479 1153 1562 perpetuum,
1189 1474 1230 1540 de
1267 1473 1465 1559 capitalibus

415 1583 433 1611 “
454 1578 620 1644 ‘dominis
645 1577 733 1644 feodi
756 1579 852 1657 iliius,
876 1599 934 1664 per
964 1579 1101 1644 servitia
1123 1577 1200 1643 inde
1230 1577 1344 1642 debita
1366 1581 1401 1640 ct
1422 1574 1463 1639 de

416 1685 434 1714 “
457 1686 464 1714 ‘
475 1680 551 1766 jure
588 1685 751 1758 consueta,
778 1681 821 1746 ad
849 1681 964 1746 divina
995 1682 1031 1746 in
1062 1681 1152 1746 dicta
1173 1680 1319 1746 Ecclesia
1349 1676 1464 1744 Sancti

415 1787 433 1816 “
456 1782 603 1850 ‘Albani
625 1805 685 1870 pro
708 1788 801 1850 statu
822 1787 858 1848 et
880 1785 991 1850 anima
1012 1784 1144 1862 nostris,
1162 1783 1264 1869 juxta
1285 1780 1464 1848 ordinatio-

416 1892 432 1918 “
456 1893 555 1982 ‘near
576 1892 731 1966 nostram,
747 1887 783 1951 in
804 1885 866 1953 hac
888 1893 982 1974 parte
1004 1887 1196 1962 faciendam,
1212 1885 1249 1950 in
1271 1889 1465 1972 perpetuum

415 1993 431 2020 “
456 1988 716 2054 ‘celebrandum
755 1989 801 2054 Et
816 2011 876 2054 nos
891 2011 976 2069 vero,
988 1990 1165 2076 proedictus
1175 1989 1256 2054 Dux
1270 1991 1304 2052 et
1319 1985 1464 2054 haercdcs

414 2097 430 2122 “
454 2095 462 2122 ‘
476 2091 590 2168 nostri,
601 2090 795 2178 praedictum
812 2091 1008 2170 Prioratum,
1023 2115 1099 2158 cum
1115 2091 1269 2158 omnibus
1279 2087 1462 2176 praemissis,

414 2199 430 2224 “
454 2199 512 2257 ‘et
545 2193 684 2281 singulis
718 2195 786 2260 suis
817 2194 948 2281 juribus
982 2201 1017 2262 et
1046 2194 1257 2282 pertinentiis
1289 2191 1465 2281 praedictis,

363 2351 367 2364 .
414 2301 431 2328 “
455 2296 625 2382 ‘praefatis
647 2295 775 2362 Abbati
797 2304 832 2363 et
852 2297 1048 2378 conventui,
1072 2303 1107 2363 et
1129 2295 1366 2364 successoribus
1388 2295 1463 2372 suis,

415 2403 431 2430 “
455 2403 593 2464 ‘contra
607 2420 719 2466 omnes
741 2403 857 2487 gentes
871 2401 1162 2467 warantizabimus
1177 2399 1238 2464 ¹in
1260 2403 1463 2486 perpetuum.

415 2506 431 2532 “
455 2500 521 2565 ‘In
559 2501 651 2588 cujus
684 2502 734 2567 rei
766 2501 1002 2581 testimonium,
1034 2503 1112 2568 huic
1148 2500 1304 2588 presenti
1341 2500 1463 2587 scripto

309 2687 312 2696 Ι
414 2609 432 2638 “
456 2607 590 2668 ‘nostro
621 2604 765 2691 sigillum
798 2609 950 2670 nostrum
972 2605 1129 2670 duximus
1162 2605 1291 2692 apponi.
1336 2603 1462 2668 Datum

413 2711 435 2798 “¹
453 2705 565 2791 ‘apud
587 2706 770 2772 manerium
800 2711 951 2772 nostrum
981 2708 1022 2773 de
1053 2707 1241 2785 Plesaunoe,
1271 2706 1378 2794 primo
1408 2704 1463 2769 dic

414 2813 431 2839 “
455 2807 598 2874 ‘mensis
612 2808 868 2897 Augusti-anno
888 2810 982 2898 regni
997 2809 1096 2897 Regis
1111 2809 1257 2890 Henrici,
1273 2809 1369 2875 Sexti
1389 2812 1463 2896 post

414 2916 430 2942 “
453 2915 460 2943 ‘
476 2909 721 2996 conquassans,
734 2911 889 2978 vicesimo
904 2912 1028 2999 primo?
1038 2912 1054 2944 ’'
1095 2911 1307 2998 (Rotifiootio
1315 2910 1462 2976 Domoboc'

412 3012 523 3098 Royr's,
539 3013 749 3100 approbatio,
761 3021 791 3080 ct
806 3015 1019 3101 coafirrruotio
1031 3015 1313 3102 promissorium.)
1346 3020 1363 3049 “
1373 3011 1461 3079 2Νοε

413 3121 429 3147 “
451 3122 563 3181 autem
594 3122 665 3182 tam
688 3114 847 3197 ³chartas,
871 3119 1007 3198 litteras,
1037 3124 1073 3184 et
1104 3117 1271 3205 scriptum,
1294 3117 1460 3204 praedicta,

413 3225 428 3248 “
452 3239 551 3303 quam
581 3219 685 3284 dictas
715 3218 915 3299 donationes,
939 3220 1166 3302 conoessioncs,
1190 3221 1460 3297 confirmationes,

413 3326 430 3354 “
453 3319 631 3399 libertates,
662 3320 868 3401 franchesias,
892 3323 1102 3409 quietancias,
1125 3346 1163 3390 ac
1194 3324 1306 3390 omnia
1328 3328 1364 3388 et
1393 3323 1460 3387 ain-

413 3426 430 3453 “
451 3421 531 3508 gula
544 3422 582 3487 in
604 3421 727 3488 eisdem
742 3422 874 3506 litteris,
889 3423 1041 3506 *chartis
1057 3432 1092 3492 et
1106 3425 1259 3512 ⁶scripto,
1275 3424 1461 3503 “contenta

411 3528 428 3555 “
451 3544 578 3589 necnon
599 3527 726 3590 statum
748 3530 782 3591 et
813 3527 1048 3614 possessionem
1071 3529 1248 3595 eorundem
1279 3550 1368 3594 nunc
1389 3528 1459 3594 Ab·

411 3631 428 3660 “
451 3624 539 3691 batis
562 3633 596 3692 et
619 3625 821 3709 Conventus,
843 3651 926 3716 quos
948 3631 1012 3718 ipsi
1034 3633 1167 3710 habent,
1190 3631 1311 3698 sibiet
1337 3651 1460 3698 mooss-

412 3733 428 3761 “
450 3729 579 3794 soribus
604 3729 680 3812 suis,
705 3730 742 3796 in
773 3733 932 3820 praedioto
962 3734 1113 3800 Prioratu
1146 3734 1187 3800 de
1217 3734 1398 3814 Penbrokc,
1427 3741 1461 3799 et

410 3832 488 3896 “in
525 3832 677 3898 omnibus
714 3834 819 3913 terris,
849 3837 1054 3914 tenementis,
1084 3837 1276 3917 redditibus,
1307 3837 1460 3916 servitiis,

410 3943 427 3968 “
448 3934 560 4014 feodis,
595 3935 874 4016 advocationibus,
911 3943 946 4004 et
975 3937 1216 4026 ⁷pensionibus,
1252 3961 1325 4005 cum
1358 3941 1459 4026 perti-

409 4044 426 4071 “
448 4037 572 4102 nuntiis
602 4043 637 4103 et
666 4040 762 4104 rebus
793 4040 1042 4127 quibuscunque
1074 4041 1180 4108 eidem
1203 4041 1369 4108 Prioratui
1400 4065 1457 4108 an-

410 4145 427 4172 “
449 4141 553 4223 nexis,
569 4141 606 4206 in
626 4139 810 4208 Pembroke
833 4149 868 4210 et
889 4144 970 4209 alibi
991 4144 1029 4208 in
1045 4143 1215 4212 Comitatu
1230 4145 1459 4224 Pembrochiae,

442 4414 449 4446 ¹
464 4387 636 4482 imparitatum
646 4413 673 4464 in
684 4413 741 4468 MS.
935 4417 939 4509 J
992 4418 1246 4489 ⁵Rabficctr'olieqa's
1256 4439 1307 4473 aaa
1317 4440 1370 4474 saon
1377 4423 1458 4474 adduc

442 4517 518 4568 *une
535 4517 615 4568 initisl
632 4519 705 4569 aaa
716 4517 737 4567 a
749 4517 861 4581 omitted,
871 4517 911 4568 for
959 4495 1066 4588 aanor
1082 4499 1192 4590 *ecelesia
1214 4499 1458 4555 liberatione-sn-

408 4596 794 4662 thepurpwffflumimfion·
957 4585 1123 4643 perscnpuou
1135 4580 1247 4633 tofoiios
1260 4585 1384 4634 19b-2la.

989 4656 1000 4688 ⁶
1011 4659 1131 4708 malentis
1141 4659 1168 4709 in
1178 4661 1236 4712 MS.

439 4701 449 4734 ³
461 4709 545 4751 cartas
556 4701 582 4752 in
593 4703 649 4755 MS.
987 4735 997 4772 7
1005 4737 1167 4802 macionibus
1178 4740 1205 4790 in
1216 4739 1273 4792 MS.

439 4807 449 4838 ⁴
461 4809 538 4857 carth
548 4807 573 4856 in
585 4807 641 4858 MS.
