3588 5838
480 913 655 964 sesama
677 911 961 964 wsmsnusrunn
982 913 1160 966 areauna
1301 896 1346 970 '73

300 1097 495 1183 praediotum
516 1119 604 1164 nuno
617 1097 781 1164 Abbatem
805 1098 952 1184 superius
973 1097 1131 1185 plenitate
1153 1099 1196 1164 ab
1218 1100 1346 1166 actione
1357 1101 1426 1154 al).
1437 1106 1509 1153 1⁴⁵²·

300 1220 361 1264 sua
381 1198 540 1286 praediota
559 1199 714 1266 habenda
733 1199 892 1286 praeoludi
912 1199 1108 1308 nonqdebet.
1154 1201 1241 1283 Quia
1256 1201 1345 1280 dicit,
1357 1200 1517 1312 ffiffi.

300 1301 389 1388 quod
421 1302 465 1367 ad
494 1301 753 1369 Parliamentum
784 1301 920 1368 Domini
949 1301 1057 1390 Regia,
1088 1324 1177 1369 nuno
1213 1303 1345 1370 inchoa·
1356 1327 1471 1380 Anava.

300 1411 381 1483 tum,
397 1407 432 1468 et
457 1407 589 1470 tentum
610 1403 701 1490 apud
716 1401 1054 1486 westmonasterium,
1070 1404 1235 1485 videlieet,
1250 1411 1346 1472 sexto

301 1505 355 1571 die
384 1505 592 1587 Novembris,
623 1527 711 1571 anno
743 1505 838 1593 regni
874 1505 926 1570 sai
960 1505 1116 1572 vieeaimo
1154 1511 1281 1588 oetevo,
1312 1512 1347 1574 et

301 1628 405 1694 usque
434 1606 608 1694 Iaeyoestre
638 1606 856 1692 adjornatum,
889 1612 925 1673 et
960 1606 1084 1673 ibidem
1121 1609 1348 1689 terminatum,

302 1731 340 1774 ae
362 1705 580 1775 ¹auoteritate
605 1708 751 1796 ejusdem
776 1707 1002 1790 Parliamenti,
1025 1709 1214 1776 ordinatum
1237 1711 1290 1790 sit,
1313 1716 1349 1777 et

301 1816 475 1890 statutum,
498 1811 587 1897 quod
610 1832 722 1877 omnes
745 1815 780 1876 et
806 1811 946 1898 singulm
964 1811 1197 1893 eoncessiones,
1221 1835 1349 1879 noanon

301 1935 413 1979 omnes
435 1913 656 1980 oonoessiones
678 1917 713 1978 et
727 1913 955 1991 relaxationes,
970 1913 1151 2001 peripsum
1166 1914 1349 1980 Dominum

302 2015 434 2103 Regem,
456 2019 532 2103 post
564 2016 708 2104 primum
742 2014 830 2081 diem
863 2015 957 2103 regni
990 2016 1042 2082 sui
1076 2016 1218 2104 Angliae,
1250 2017 1348 2084 alicui

300 2118 435 2195 Abbati,
459 2117 575 2196 Priori,
597 2116 794 2199 Conventui,
812 2121 872 2183 aut
894 2117 992 2183 alicui
1016 2117 1073 2182 alii
1097 2140 1252 2206 personae,
1278 2120 1349 2186 sive

301 2221 455 2308 personis,
479 2221 584 2300 factm,
605 2218 647 2285 de
676 2219 908 2285 exoneratione
939 2225 999 2286 aut
1024 2221 1349 2306 quietaelamatione

300 2323 485 2409 aliquorum
522 2321 744 2388 eomodiorum
782 2321 852 2388 sive
889 2322 1038 2406 oorrodii,
1075 2325 1241 2410 pensionis
1279 2325 1349 2392 sive

300 2426 505 2514 pensionum,
521 2424 721 2490 deeimarum
736 2423 967 2511 spiritualium,
983 2426 1037 2492 vel
1055 2425 1348 2513 quintarumdeei·

301 2549 440 2605 marum,
477 2531 538 2593 aut
568 2525 779 2606 deeimarum,
809 2526 1039 2615 temporalium
1068 2528 1260 2596 reddituum
1288 2537 1349 2596 aut

301 2629 521 2706 servitiorum,
557 2649 615 2695 seu
652 2627 788 2694 alterius
826 2629 934 2694 oneris
971 2629 1197 2717 cujuscunque,
1235 2653 1349 2699 vaeuae

301 2733 419 2808 forent,
441 2737 476 2797 et
497 2731 621 2796 nullius
650 2730 806 2811 effeetua3
840 2735 876 2796 et
897 2751 957 2818 pre
991 2751 1029 2798 eo
1060 2733 1148 2818 quod
1182 2733 1349 2820 praediatae

302 2834 438 2899 Litterae
466 2831 634 2910 Patentes‚
667 2853 742 2918 quae
780 2831 877 2898 dietis
910 2853 1015 2918 nuper
1044 2833 1170 2898 Abbati
1200 2839 1234 2899 et
1264 2834 1349 2900 Con-

301 2935 418 3001 ventui
447 2934 490 3001 de
527 2933 648 3000 Sancto
678 2933 810 3000 Albano
846 2939 922 3021 post
954 2933 1097 3021 primum
1136 2935 1223 3000 diem
1255 2937 1349 3024 regni

301 3038 384 3104 dieti
408 3036 543 3103 Domini
566 3035 674 3124 Regis,
696 3041 731 3102 et
761 3040 840 3101 ante
862 3035 1103 3102 inchoationem
1135 3036 1349 3104 Parliamenti

301 3139 461 3227 praedicti,
484 3143 583 3226 prout
604 3159 663 3224 per
684 3138 916 3225 allegationem
938 3136 1087 3225 praedioti
1102 3160 1191 3204 nuno
1205 3139 1349 3206 Abbatis

301 3243 339 3307 in
360 3241 482 3328 plaeito
511 3263 570 3307 suo
599 3240 757 3328 praedieto
784 3245 930 3328 apparet,
953 3240 1110 3308 eonfeotae
1138 3239 1236 3322 fuere,
1267 3265 1348 3330 pree-

301 3353 399 3410 textu
422 3345 457 3409 et
478 3342 605 3409 virtute
626 3341 778 3429 praedioti
800 3341 929 3409 Statuti
951 3341 1130 3409 adnullatae
1151 3349 1186 3409 et
1201 3349 1348 3412 vacuatae

302 3448 460 3514 existunt.
505 3443 605 3511 Unde
626 3444 714 3532 petit
731 3442 905 3530 judicium,
927 3451 957 3512 et
979 3452 1104 3512 aalma

659 3733 847 3821 napata
864 3732 1016 3802 samaa

346 3899 416 3968 ²Et
437 3900 614 3988 praediatus
636 3920 724 3966 nuno
744 3898 860 3965 Abbas
881 3898 1066 3986 dicitquod
1080 3899 1123 3965 ad
1147 3898 1346 3966 Parliarnen-
1359 3917 1507 3970 Amastor

302 4015 375 4075 tum
400 4007 602 4096 praedietnm,
634 4011 669 4072 et
698 4005 918 4072 1auctoritate
947 4005 1093 4092 ejusdem
1123 3986 1502 4102 Paruamentrffi‘mlclgbm

301 4111 378 4176 talis
391 4111 479 4176 faeta
492 4108 558 4174 fuit
580 4107 731 4195 provisio,
747 4107 836 4194 quod
858 4107 984 4196 petitio,
1007 4110 1076 4174 sive
1091 4113 1185 4174 aetus
1198 4129 1344 4197 resump-
1356 4116 1472 4196 sepum

302 4213 403 4278 tionis
424 4217 484 4278 aut
505 4210 741 4276 adnullationis
762 4209 939 4299 praedicte,
961 4210 998 4274 in
1020 4209 1240 4276 Parliamento
1262 4190 1416 4298 prae-¹²⁰²

303 4315 392 4381 dioto
415 4335 474 4401 per
496 4312 776 4379 communitatem
805 4313 900 4400 regni
928 4313 1059 4400 Angliae
1088 4312 1232 4378 Domino
1262 4313 1347 4400 Regi

303 4423 480 4505 porrectus,
503 4437 570 4483 non
592 4414 794 4496 extenderet,
817 4436 878 4482 nee
905 4414 972 4480 ullo
995 4415 1091 4480 modo
1118 4413 1347 4500 praejudieinlis

302 4520 396 4598 foret,
418 4518 516 4585 alieni
539 4539 694 4605 personae,
716 4517 786 4582 sive
808 4517 972 4604 aliquibus
998 4517 1151 4605 personis,
1174 4516 1210 4582 in
1224 4517 1280 4584 vel
1306 4519 1348 4585 de

633 4677 746 4684 ---—-—.

339 4757 594 4809 ¹aatoritaleinlld.
846 4755 1183 4821 suppliedinillumination.

336 4836 411 4888 2’Πιο
427 4837 482 4887 first
498 4837 570 4888 letter
588 4835 711 4896 omitted5
728 4841 755 4886 to
772 4836 803 4886 be
