3588 5838
458 873 521 938 126
791 841 991 940 oneremur
1014 885 1171 938 areana

285 1077 473 1147 nn.1aaa.“
495 1089 586 1135 error
616 1073 668 1138 est
699 1069 823 1138 nedum
854 1093 1005 1160 magnus,
1027 1071 1153 1138 ¹immo
1183 1070 1305 1150 verius,
1335 1070 1450 1157 maJ'or,
1471 1091 1511 1136 ae

454 1179 472 1207 “
494 1172 596 1238 etiam
618 1173 794 1253 maximus,
815 1173 854 1240 id
875 1174 965 1261 quod
986 1177 1027 1240 tu
1048 1195 1136 1240 nuno
1157 1177 1307 1242 eructare
1329 1171 1509 1260 praesumis.

453 1281 471 1308 “
492 1273 586 1341 Vada
617 1297 704 1363 ergo,
735 1281 771 1344 et
794 1275 977 1344 deliberare
1007 1277 1154 1354 solidius,
1176 1277 1258 1363 quia
1286 1275 1509 1342 infallibiliter

454 1385 472 1411 “
493 1375 532 1444 in
552 1377 658 1444 forma
679 1401 745 1466 qua
773 1400 862 1446 nuno
883 1379 949 1445 tibi
972 1378 1127 1462 diximus,
1149 1378 1254 1461 nobis,
1276 1377 1406 1445 infero
1432 1399 1508 1446 oon·

454 1487 471 1514 “
493 1479 651 1560 scientiae,
673 1485 749 1568 post
770 1481 1007 1548 confessionem
1030 1479 1238 1548 enarrabas.”

285 1589 341 1641 The
351 1589 425 1642 Prior
498 1581 545 1648 Et
573 1581 639 1648 hiis
668 1583 768 1650 dietis
798 1584 913 1650 venire
940 1583 1019 1650 feeit
1042 1583 1198 1663 Priorem,
1221 1582 1445 1670 quaesivitque
1464 1581 1508 1649 ab

284 1659 429 1774 {mm
453 1683 524 1770 ipso
546 1685 627 1772 quid
649 1685 719 1773 ipse
749 1685 883 1753 audivit
912 1686 954 1752 de
983 1686 1124 1754 materia
1152 1686 1220 1764 illa,
1243 1691 1279 1752 et
1299 1691 1416 1753 utrum
1444 1707 1507 1752 un·

285 1790 402 1842 hwdto
453 1807 552 1872 quam
574 1785 705 1854 veniret
734 1787 778 1853 ad
808 1788 879 1875 ejus
908 1809 1004 1854 aures
1025 1788 1117 1875 quod
1144 1788 1215 1876 ipse
1244 1787 1348 1854 freter
1370 1787 1507 1854 haberet

284 1858 408 1976 &ff
452 1887 489 1952 in
511 1887 612 1954 bursa
632 1889 675 1955 aa
697 1891 845 1978 pecuum
867 1896 1001 1958 eentum
1023 1889 1199 1978 sexaginta
1219 1889 1331 1970 libra,
1353 1895 1389 1958 ee
1409 1890 1507 1957 ultra

454 1989 519 2071 Qui
548 1992 747 2078 respondens
769 1992 933 2073 dixit,—“
943 1993 1050 2071 Pater,
1073 1991 1190 2059 audivi
1211 1991 1274 2060 hoo
1295 2014 1317 2058 a
1338 1992 1449 2071 variis,
1472 1997 1508 2058 et

453 2099 472 2129 “
493 2095 659 2182 praeuipue
686 2117 708 2160 a
737 2093 916 2185 Suppriore
945 2095 1090 2175 claustri,
1120 2096 1179 2183 qui
1215 2095 1271 2163 vir
1308 2097 1506 2184 grandevus

452 2204 470 2231 “
493 2202 553 2275 est,
577 2202 612 2263 et
633 2196 771 2265 fidelis”
817 2199 963 2266 Vocatus
984 2198 1090 2287 igitur
1111 2198 1274 2287 Supprior
1302 2200 1505 2287 quaestiona

451 2301 510 2366 tur
530 2321 640 2387 aquo
669 2301 740 2388 ipse
761 2300 887 2380 didicit,
912 2300 1001 2388 qnod
1028 2301 1215 2369 Offioiarius
1244 2305 1298 2368 tot
1327 2307 1363 2368 et
1392 2306 1506 2368 tantas

451 2402 595 2472 habebat
626 2403 789 2493 pecunias,
822 2403 945 2490 quibus
975 2403 1046 2492 ipse
1079 2403 1177 2472 modo
1211 2404 1396 2492 expressius
1428 2424 1506 2470 oon-

285 2539 418 2592 Theaua
451 2506 594 2574 tradioit
641 2506 708 2588 Qui
728 2506 928 2593 respondens
950 2505 1063 2594 inquit
1074 2515 1148 2590 ;-“
1158 2507 1295 2586 Audiri,
1317 2511 1421 2595 pater,
1443 2505 1505 2572 hoo

283 2606 471 2670 prioritates«
492 2609 536 2674 ab
565 2629 621 2676 ore
652 2631 712 2676 suo
744 2608 886 2696 proprio.
932 2609 1045 2675 Gratis
1078 2609 1165 2675 enim
1198 2607 1243 2676 ad
1275 2630 1329 2674 me
1366 2608 1503 2674 veniens

284 2673 439 2790 thatheihas
452 2721 470 2747 “
491 2711 660 2778 fatebatur
695 2710 805 2789 libere,
843 2710 967 2797 absque
1007 2709 1077 2776 ulla
1116 2733 1192 2777 mea
1230 2711 1501 2798 interrogatione,

323 2823 357 2923 ”gi
382 2875 402 2925 ,ι
454 2823 471 2849 “
493 2813 658 2901 quomodo
675 2835 751 2881 oum
764 2817 877 2880 vestra
893 2813 1096 2900 paternitate
1114 2813 1152 2879 in
1169 2813 1371 2880 confessione
1384 2812 1503 2892 fuerat,

283 2955 299 2990 0
360 2941 366 2952 ·
399 2980 406 2994 ,
452 2927 471 2953 “
493 2917 708 3004 qualiterque,
722 2921 798 3003 post
817 2915 1061 2996 confessionem,
1084 2915 1180 2982 vobis
1201 2919 1255 2984 tot
1277 2921 1313 2984 et
1334 2920 1447 2982 tantas
1469 2935 1504 2980 se

453 3027 470 3056 ‘¹
492 3021 577 3088 velle
598 3020 715 3086 afferre
733 3018 888 3107 pecunias
910 3018 1097 3106 expressius
1117 3017 1345 3105 promittebat
1391 3017 1504 3084 Gratis

453 3133 470 3159 “
491 3123 593 3190 etiam
614 3123 751 3190 veniens
773 3122 817 3188 ad
840 3121 991 3190 Fratrem
1007 3121 1192 3188 Robertum
1208 3119 1343 3200 Beaver,
1365 3118 1503 3188 fratrem

452 3225 703 3314 “septuaginta
724 3245 898 3304 annorum,
922 3229 956 3292 et
978 3224 1076 3303 ultra,
1106 3222 1293 3290 affirmabat
1322 3223 1425 3290 etiam
1451 3223 1503 3289 id-

452 3337 469 3363 “
491 3329 610 3414 ipsum,
642 3327 694 3392 ita
724 3326 813 3414 quod
842 3326 937 3392 nulla
974 3326 1249 3414 tergiversatione
1278 3327 1401 3414 poterit
1431 3325 1504 3414 ipse

452 3439 470 3466 “
492 3430 535 3496 ab
557 3429 623 3496 hiis
644 3429 712 3495 suis
741 3428 840 3495 diotis
874 3429 1033 3508 reoedere,
1062 3435 1122 3498 aut
1154 3429 1262 3499 faeere
1293 3429 1331 3496 in
1363 3429 1504 3496 materia

453 3539 470 3570 “
492 3531 815 3600 contradictionem?
870 3531 1100 3621 Interrogatus
1136 3531 1243 3620 igitur
1279 3531 1323 3598 de
1353 3533 1502 3613 materia,

283 3645 392 3697 emeher
450 3633 555 3701 irater
584 3634 691 3701 dietus
720 3633 890 3721 respondit
920 3633 1047 3702 dietum
1070 3633 1272 3702 Offioiarium
1303 3655 1372 3700 non
1394 3633 1502 3700 solum

282 3713 515 3831 fflssgssosibi
552 3736 676 3803 dixisse
711 3735 990 3824 quemadmodum
1029 3736 1188 3824 Supprior
1226 3735 1326 3804 modo
1362 3736 1501 3816 dixerat

282 3847 399 3897 corrosa
451 3845 584 3924 1immo,
620 3844 762 3911 ulterius
791 3843 956 3911 addidisse
986 3865 1022 3911 ae
1055 3844 1096 3912 de
1130 3865 1259 3910 summa
1280 3843 1443 3923 dieta-“
1456 3843 1497 3909 In

281 3913 422 4043 xmp
451 3948 724 4015 “relevationem
761 3951 882 4015 vestrae
919 3947 1049 4035 inopiae,
1082 3947 1186 4025 vobis,
1221 3950 1325 4034 pater,
1363 3949 1498 4014 eentum

281 4046 467 4163 murana«
489 4052 708 4139 quadraginta
729 4050 832 4116 libras
861 4049 1043 4116 liberasse.”
1068 4048 1175 4129 ,Cum
1196 4049 1299 4116 fratre
1321 4047 1393 4136 ipso
1415 4049 1500 4115 ulte-

281 4115 438 4232 ffiffffi‘
447 4155 516 4222 rius
533 4155 773 4222 oonoordarunt
789 4152 848 4218 alii
866 4153 984 4241 plnres,
1002 4155 1074 4218 tam
1091 4151 1264 4239 regulares,
1282 4173 1382 4238 quam
1398 4152 1500 4218 etiam

280 4246 423 4366 ffilssoed
448 4257 627 4336 saeeulares,
649 4255 985 4343 contestabanturque
1010 4275 1046 4321 ae
1067 4254 1170 4320 verba
1190 4252 1358 4322 audivisse
1379 4254 1500 4322 similia

280 4380 399 4446 nauplio
447 4360 492 4428 ab
514 4383 570 4428 ore
590 4361 702 4449 ipsius

280 4449 436 4567 {gsshpg‘ffl‘l‘
493 4464 616 4542 Abbaa,
637 4462 704 4528 hiis
724 4459 858 4540 auditis,
878 4460 1028 4528 advertit
1049 4460 1182 4528 vultum
1212 4481 1310 4526 suum
1341 4460 1385 4526 ad
1406 4465 1500 4526 ante·

280 4580 376 4636 Abbos
448 4567 555 4634 fatum
578 4565 788 4644 Officiarium,
810 4563 907 4652 eique
934 4561 1053 4630 retulit
1084 4583 1143 4651 per
1175 4561 1265 4629 huna
1297 4562 1433 4628 modum
1446 4585 1500 4628 :-

449 4680 466 4708 “
488 4671 592 4736 Eooel
611 4669 728 4749 irater,
759 4671 853 4734 eooel
877 4665 932 4733 hio
961 4665 1134 4742 nobiseum
1156 4664 1387 4732 testimonium
1410 4663 1500 4731 suffi-

879 4857 1058 4924 winus.
