3588 5838
475 890 647 944 ronssms
668 891 955 942 vnnrnsusrsnn
978 875 1157 942 sscssnn.
1293 875 1336 939 29

289 1087 309 1118 “
332 1083 536 1162 ‘hominum
566 1104 626 1149 nec
657 1082 804 1148 Francus
833 1103 893 1148 nec
930 1080 1068 1169 Anglus,
1101 1102 1136 1146 se
1169 1079 1205 1144 in
1238 1077 1419 1146 terrisnD.
1433 1097 1505 1147 lus.

287 1194 305 1220 ‘⁸
329 1187 496 1274 ‘ipsorum
525 1184 669 1252 Abbatis
695 1190 731 1251 et
756 1184 959 1266 Conventus,
979 1204 1107 1250 necnon
1131 1182 1172 1249 de
1195 1181 1336 1247 homini·
1439 1179 1440 1184 ’

288 1297 306 1324 “
330 1295 340 1324 ‘
354 1290 416 1356 bus
436 1289 511 1367 suis,
527 1288 564 1353 in
583 1287 694 1374 aliquo
709 1287 956 1366 intromitteret,
970 1287 1035 1353 nisi
1054 1287 1127 1374 ipsi,
1144 1290 1179 1352 et
1192 1283 1338 1351 ministri

288 1399 307 1426 ‘¹
332 1391 417 1473 ‘sui,
446 1391 568 1478 quibus
596 1389 690 1478 ¹ipse
720 1411 832 1456 curam
862 1389 1066 1456 committere
1095 1387 1247 1455 voluerit.
1292 1385 1338 1452 Et

288 1503 307 1530 “
331 1494 431 1561 ‘licet
455 1515 544 1560 nnnc
569 1492 651 1558 dicti
674 1490 787 1558 Abbas
814 1495 848 1558 et
875 1492 1075 1569 Conventus,
1102 1495 1137 1556 et
1161 1489 1338 1578 prsedeces·

288 1605 307 1632 ‘⁶
330 1604 440 1664 ‘sores
463 1595 524 1674 sui,
549 1593 770 1673 libertatibus,
792 1593 991 1673 franchesiis,
1013 1591 1254 1680 acquietanciis,
1269 1591 1337 1678 pri·

290 1707 309 1736 “
333 1698 494 1786 ‘vilegiis,
522 1703 558 1763 et
590 1697 856 1763 immunitatibus
881 1695 1142 1784 quamplurimis,
1171 1698 1336 1781 praetextu

290 1809 308 1838 “
332 1801 517 1867 ‘dictarum
540 1797 772 1877 ²Chnrtamm,
794 1821 832 1865 ac
854 1799 1032 1865 verborum
1053 1803 1089 1864 et
1109 1790 1335 1876 terminorum,
1385 1873 1388 1880 Ι

288 1911 308 1940 “
332 1909 425 1969 ‘tum
454 1903 658 1991 generalium
687 1909 722 1968 et
755 1903 974 1981 obscurorum,
1005 1923 1104 1988 quam
1130 1899 1270 1966 oliorum
1301 1899 1337 1964 in

290 2013 309 2043 “
331 2006 521 2094 ‘praediotis
544 2003 701 2071 ³Chartis
723 2011 961 2087 contentorum,
981 2003 1210 2084 diversimode,
1233 2004 1338 2090 plene,
1416 2010 1419 2016 '

290 2117 307 2145 “
331 2116 389 2176 ‘et
412 2111 549 2198 integre,
580 2111 633 2175 nsi
662 2116 697 2176 ot
725 2110 832 2198 gavisi
863 2109 1062 2191 extitissent,
1092 2108 1195 2174 iidem
1224 2115 1337 2174 tamen

289 2221 308 2248 “
331 2221 444 2278 ‘nunc
466 2213 581 2278 Abbas
603 2217 637 2278 et
659 2212 859 2288 Conventus,
882 2212 1058 2298 quominus
1087 2211 1152 2298 ipsi
1174 2211 1339 2278 libertati·

290 2321 309 2351 “
332 2314 427 2392 ‘bus
449 2314 650 2391 franchesiis,
672 2314 916 2400 acquietanciis,
940 2313 1132 2401 privilegiis,
1156 2321 1191 2380 et
1221 2314 1339 2379 immu-

291 2425 310 2453 “
333 2417 527 2497 ‘nitatibus
550 2416 625 2494 illis,
647 2418 700 2483 uti
723 2423 758 2483 et
780 2417 925 2505 gaudere
947 2417 1089 2496 valeant,
1106 2439 1150 2482 ex
1164 2439 1262 2483 causa
1284 2439 1340 2504 ge·

289 2529 308 2556 “
330 2521 538 2587 ‘neralitatis
560 2526 595 2587 et
617 2519 836 2601 obscuritatis,
852 2520 1058 2587 difficilitatis
1081 2525 1115 2586 et
1137 2519 1339 2587 difficultatis

292 2629 311 2657 “
331 2623 531 2689 ‘verborum
554 2628 589 2689 et
611 2623 826 2690 terminorum
848 2621 1091 2710 praedictorum,
1114 2645 1152 2688 ao
1173 2627 1338 2710 praetextu

291 2733 310 2760 “
333 2725 561 2813 ‘quorundum
578 2725 782 2792 Litterarum
797 2725 988 2791 Patentium
1011 2726 1170 2792 carissimi
1192 2726 1249 2791 avi
1263 2748 1339 2792 nos·

291 2833 310 2862 “
334 2828 410 2906 ‘tri
434 2827 580 2907 Henrici,
603 2849 708 2915 nuper
738 2827 839 2914 Regis
865 2829 1007 2915 Angliae,
1031 2828 1187 2907 defuncti,
1211 2829 1252 2894 de
1282 2830 1338 2894 de-

292 2937 311 2965 “
335 2931 536 2996 ‘elevatione
558 2936 592 2996 et
614 2931 847 3016 impetratione
869 2930 1075 2996 diversarum
1097 2930 1290 2996 libertatum
1305 2937 1340 2996 et

292 3039 310 3066 “
332 3032 614 3098 ‘fianchcsiarum
637 3033 677 3098 de
699 3031 911 3098 libertatibus
934 3037 968 3098 et
990 3032 1182 3098 franchosiis
1203 3031 1340 3118 proedic-

293 3142 311 3169 '‘
335 3136 411 3214 ‘tis
445 3157 504 3223 per
534 3135 746 3216 Willelmum,
771 3135 939 3222 quondam
962 3134 1128 3202 Abbatem
1151 3135 1276 3200 Domus
1306 3140 1340 3201 et

293 3245 311 3271 “
334 3238 511 3304 ‘Ecclesiae
533 3237 775 3325 praedictarum,
799 3244 834 3304 et
856 3237 1001 3324 ejusdem
1028 3238 1092 3304 loci
1119 3236 1340 3318 Conventum,

290 3347 312 3378 “
337 3343 545 3409 ‘inconsulte
560 3348 595 3409 et
615 3332 799 3431 improvide
821 3343 1081 3431 impetratorum,
1104 3365 1163 3431 per
1184 3366 1341 3434 magnum

292 3451 310 3479 “
333 3449 485 3533 ‘tempus
507 3445 660 3532 impediti
681 3445 825 3525 fuerunt,
841 3445 878 3510 in
894 3446 1070 3513 eorundem
1094 3469 1183 3512 nunc
1197 3447 1341 3514 Abbatis

291 3552 312 3582 “
335 3552 394 3612 ‘et
409 3547 602 3614 Conventus
624 3545 807 3613 *damnum
830 3569 899 3614 non
913 3549 1086 3629 modicum,
1098 3555 1133 3615 et
1154 3571 1340 3637 gravamen.

290 3656 309 3683 “
334 3649 458 3714 ‘Unde
482 3672 542 3736 per
566 3671 621 3715 eos
645 3650 741 3714 nobis
765 3654 817 3715 est
840 3649 1010 3717 humiliter
1037 3652 1266 3739 supplicatum,
1292 3659 1341 3734 ut,

290 3759 308 3786 “
333 3752 570 3818 ‘consideratis
594 3756 628 3818 et
652 3751 828 3839 diligenter
853 3753 991 3819 attentis
1011 3754 1076 3840 piis
1100 3754 1341 3821 intentionibus

292 3862 310 3888 “
333 3855 604 3942 ‘progenitorum
627 3860 816 3921 nostrorum
837 3856 873 3920 in
899 3857 1161 3922 concessionibus
1175 3858 1243 3922 suis
1257 3881 1342 3944 prse-

293 3963 310 3990 “
334 3956 461 4035 ‘dictis
492 3958 581 4024 dicta
610 3959 768 4024 terminos
804 3963 838 4024 et
873 3959 982 4036 verba,
1013 3964 1081 4024 tam
1111 3960 1277 4046 generalis
1306 3965 1341 4027 et

292 4066 310 4093 “
332 4059 499 4138 ‘obscura
524 4082 624 4146 quam
649 4061 715 4125 alia
739 4061 776 4125 in
798 4061 888 4126 dicta
913 4059 1064 4127 ⁵Charta
1088 4061 1168 4127 dicti
1191 4063 1340 4149 progeni-

293 4165 313 4196 “
335 4161 439 4227 ‘toris
462 4163 576 4240 nostri,
603 4162 740 4228 Henrici
765 4163 916 4240 Secundi,
939 4169 1104 4242 contenta,
1130 4164 1262 4230 noviter
1291 4165 1341 4228 in-

293 4268 312 4298 “
336 4265 533 4352 ‘terpretari
560 4269 596 4330 et
619 4264 792 4343 declarare,
818 4287 856 4332 ac
879 4266 1088 4333 voluntatem
1118 4272 1153 4332 st
1182 4267 1340 4334 intentio-

291 4371 311 4401 “
335 4373 434 4433 ‘nem
466 4373 594 4433 nostras
626 4367 663 4434 in
695 4368 758 4434 bac
788 4373 882 4456 parte
910 4369 1073 4448 maturius
1103 4369 1277 4457 explanare
1307 4375 1341 4437 et

328 4637 335 4669 ¹
346 4635 485 4701 Conectly,
497 4638 573 4702 “ipsi
584 4675 591 4690 .
609 4672 616 4688 .
633 4673 640 4688 .
654 4635 796 4690 miradal?
873 4639 884 4671 ⁴
896 4639 1025 4705 dampnum
1036 4639 1062 4690 in
1074 4641 1130 4696 MS.

326 4713 485 4766 ’Curiorum
496 4716 523 4765 in
533 4717 591 4768 ΜΒ.
873 4719 1082 4772 ‘emamus

326 4793 337 4826 ³
351 4795 436 4846 Curtia
446 4795 474 4845 in
485 4797 541 4846 MS
