3668 5842
585 914 757 968 consume
779 917 1063 968 wnmnasrsmnn
1085 917 1260 968 sncuuon.
1382 900 1447 972 277

400 1107 418 1139 “
441 1102 502 1184 nis,
525 1102 648 1167 nedum
670 1100 779 1168 incliti
801 1101 894 1188 regni
918 1101 1108 1188 Hungariae,
1130 1101 1186 1166 sed
1210 1101 1313 1167 etiam
1335 1101 1526 1167 Chris-Al).
1542 1123 1613 1172 14⁵⁷.

401 1210 419 1241 “
441 1205 543 1272 tianae
565 1203 731 1291 religionis
754 1205 867 1272 totius.
912 1203 967 1268 Ad
990 1204 1132 1290 primum
1155 1205 1329 1270 introitum
1352 1204 1446 1270 dissi·

402 1315 420 1344 “
442 1307 597 1394 pmdum
619 1307 832 1374 ascenderant
848 1306 919 1392 jam
942 1306 1063 1373 Turchi
1084 1329 1141 1394 per
1160 1307 1282 1372 moenis
1303 1308 1446 1388 ruinata,

402 1421 419 1446 “
441 1415 476 1476 et
497 1409 658 1476 machinis
681 1415 715 1476 et
732 1409 923 1476 bumbardis
944 1408 1161 1496 perfoderent
1209 1408 1361 1496 Namque
1381 1410 1447 1499 pri·

400 1520 419 1550 ‘⁶
441 1534 511 1578 mos
548 1513 698 1600 parietes,
736 1534 777 1577 ne
814 1511 850 1575 in
884 1531 1019 1576 excessu
1056 1511 1180 1596 loquar,
1215 1533 1274 1598 pcr
1306 1513 1448 1600 triginta

402 1625 419 1653 “
442 1615 604 1681 foramina
626 1613 639 1652 ¹
846 1664 855 1691 ,
877 1635 919 1678 ex
941 1613 1062 1700 quibus
1084 1613 1208 1679 vallum
1232 1619 1266 1680 et
1287 1614 1448 1680 fossatum

401 1717 540 1784 “castri
573 1718 645 1782 nixi
678 1722 759 1784 sunt
790 1714 937 1804 replere;
976 1737 1041 1804 quo
1070 1715 1167 1794 sacto,
1197 1715 1241 1781 ad
1272 1717 1449 1804 dissipatas

404 1829 420 1856 “
444 1825 552 1887 turres
566 1824 601 1886 et
615 1819 738 1884 moenia
753 1817 881 1884 facilius
896 1817 1109 1884 conscendere
1123 1824 1264 1905 possent.
1287 1819 1448 1888 Fecerunt

404 1930 422 1960 ‘¹
444 1928 608 2010 quantum
630 1922 720 1988 Deus
741 1921 916 2008 permissit.
962 1920 1017 1986 Ad
1032 1920 1139 2007 majus
1161 1941 1274 1986 eorum
1284 1920 1449 2008 judicium

402 2033 420 2062 “
442 2025 655 2103 inferendum,
679 2024 898 2090 ascenderunt
920 2023 957 2087 in
979 2027 1123 2088 castrum
1145 2047 1154 2104 ;
1185 2028 1389 2111 putaverunt
1415 2047 1449 2092 se

402 2135 421 2164 ‘¹
443 2132 587 2194 castrum
609 2123 782 2192 ”obtinere
805 2147 879 2191 cum
902 2146 1014 2190 eorum
1037 2124 1206 2191 diabolicis
1220 2125 1450 2194 instrumentis

403 2236 422 2265 ‘¹
444 2233 479 2296 et
500 2229 648 2316 ingeniis.
695 2227 762 2293 Sed
786 2225 918 2292 Christo
941 2227 1049 2305 Ihesu,
1072 2226 1215 2292 Domino
1237 2233 1360 2310 nostro,
1391 2251 1451 2296 sua

404 2339 421 2368 ‘⁸
444 2331 543 2398 solita
564 2331 688 2418 pietate
711 2336 746 2396 et
768 2329 990 2396 misericordia
1019 2333 1221 2418 protegente,
1244 2352 1311 2398 non
1341 2332 1447 2400 dicam

403 2443 421 2471 “
443 2432 557 2509 'nihil
590 2431 647 2498 sed
682 2453 807 2519 parum,
831 2431 927 2496 nobis
959 2431 1072 2496 obesse
1106 2433 1293 2517 quiverunt.
1340 2435 1449 2501 Multa

404 2543 423 2574 “
446 2535 551 2600 millia
573 2556 615 2598 ex
630 2534 677 2599 eis
692 2535 892 2620 interempta
907 2538 992 2599 sunt.
1040 2532 1268 2622 Quadraginta
1289 2536 1398 2625 galeas
1413 2538 1449 2604 in

404 2648 423 2675 “
445 2638 551 2726 primo
580 2641 693 2702 nostro
723 2657 877 2726 aggressu
907 2638 1097 2717 numeravi;
1132 2658 1246 2703 omnes
1276 2639 1449 2708 destructa

405 2748 422 2776 “
443 2746 532 2816 sunt,
548 2746 582 2805 et
605 2761 662 2826 per
676 2739 805 2804 eosdem
823 2737 947 2803 Christi
963 2738 1072 2804 hostes
1087 2739 1163 2826 igne
1178 2762 1340 2807 succensa
1353 2749 1448 2824 sunt;

404 2851 421 2879 ‘⁸
444 2844 554 2909 decem
577 2841 614 2905 in
643 2840 750 2927 primo
779 2839 934 2906 conflictu
964 2841 1197 2927 superavimus,
1221 2863 1361 2928 quarum
1382 2850 1450 2911 tres

403 2955 420 2982 “
442 2944 549 3010 adhuc
571 2947 748 3031 supersunt
771 2943 812 3008 da
826 2942 1013 3028 majoribus,
1035 2943 1172 3030 duaeque
1194 2965 1314 3030 parvae.
1362 2945 1451 3026 Quid

406 3052 564 3113 “vestrae
587 3045 768 3112 Sanctitati
791 3045 897 3110 dicam
920 3045 961 3110 de
991 3049 1122 3111 terreno
1151 3067 1263 3110 eorum
1295 3049 1451 3128 exercitu,

405 3158 422 3187 ‘⁸
445 3149 611 3236 quoniam,
642 3152 681 3212 ut
718 3147 777 3226 illi,
806 3147 863 3233 qui
901 3147 944 3212 ab
981 3147 1060 3234 ipsis
1095 3147 1260 3236 fugerunt,
1275 3157 1451 3230 ,asserunt

405 3259 422 3289 “
443 3251 685 3318 ‘ascendebant
707 3251 751 3314 ad
774 3270 948 3314 numerum
972 3255 1105 3316 centum
1137 3250 1279 3316 millium
1309 3258 1451 3328 armato-

404 3361 422 3390 “
445 3357 540 3418 rum?
578 3351 720 3418 OPater
733 3351 862 3428 Sancte,
879 3372 977 3436 quam
993 3373 1113 3439 magna
1128 3357 1179 3418 est
1193 3353 1299 3418 virtus
1314 3353 1450 3422 Domini

403 3455 548 3522 “nostri
571 3454 670 3520 Ihesu
694 3451 837 3534 Christi3
861 3454 940 3540 quia
962 3476 1058 3520 nemo
1080 3454 1173 3535 alius,
1195 3460 1264 3523 tuae
1286 3455 1453 3525 Sanctita·
1490 3509 1491 3514 η

404 3565 423 3596 “
446 3559 492 3624 tis
506 3558 613 3624 vicem
634 3577 759 3643 gerens,
775 3555 896 3622 aderat.
942 3556 997 3621 Me
1015 3556 1120 3622 solum
1143 3559 1291 3643 oportuit
1306 3566 1451 3626 castrum

404 3668 421 3698 “
443 3681 583 3740 movere,
606 3658 809 3745 dirigereque
831 3659 924 3738 acies,
941 3658 982 3723 ad
1005 3663 1195 3745 certumque
1217 3660 1324 3727 locum
1349 3663 1452 3729 dedu-

404 3773 422 3799 “
445 3785 515 3830 care
548 3763 585 3827 in
617 3759 733 3826 faciem
765 3759 975 3825 Turohorum.
1020 3760 1236 3827 Avisaveram
1272 3785 1330 3850 per
1360 3766 1451 3852 prius

404 3875 422 3902 “
444 3864 644 3942 multotiens,
668 3861 954 3948 instruxeramque
975 3865 1124 3928 nostrum
1147 3865 1340 3946 exercitum,
1357 3869 1450 3953 quasi

404 3975 424 4004 “
445 3968 557 4034 losuae
580 3985 702 4030 morem
731 3985 846 4051 gerens
881 3963 915 4027 in
948 3963 1078 4028 ruinam
1110 3986 1277 4034 murorum
1308 3967 1450 4049 Jerioho,

405 4077 422 4106 “
443 4074 492 4149 ut,
529 4088 582 4133 me
619 4065 828 4142 acclamante,
860 4071 895 4130 et
924 4086 1044 4131 nomen
1082 4067 1325 4134 sanctissimum
1356 4070 1457 4137 invo-

405 4181 423 4209 “
445 4175 549 4250 cante,
582 4190 695 4234 omnes
732 4166 832 4232 Ihesu
860 4167 1028 4233 altissimis
1057 4168 1194 4235 vocibus
1223 4169 1449 4239 acclamarent.

404 4285 422 4312 “
446 4274 501 4339 Ita
515 4273 639 4338 factum
654 4276 715 4352 est,
731 4269 831 4335 Pater
846 4271 976 4348 Sancte,
996 4271 1092 4356 quod,
1109 4293 1183 4337 oum
1198 4273 1450 4340 multitudinem

405 4385 422 4413 “
446 4398 510 4442 non
535 4375 729 4440 mediocrem
753 4393 1006 4459 congregassem
1028 4378 1063 4438 et
1085 4393 1145 4460 ego
1168 4374 1292 4460 primus
1315 4376 1451 4464 incepis-

440 4679 447 4710 ¹
461 4677 564 4728 Avord
573 4675 596 4725 is
605 4673 795 4738 wantinghere3
806 4671 906 4722 Haerne
987 4669 1086 4720 ³airtil
1098 4670 1125 4720 in
1136 4671 1193 4723 MS.

409 4763 524 4822 suggest
534 4752 753 4804 “manserant'’
989 4749 1000 4781 ⁴
1012 4748 1177 4800 amanam
1188 4751 1213 4802 in
1226 4753 1283 4804 MS.

441 4835 451 4868 ²
462 4835 569 4900 optinere
580 4831 605 4882 in
619 4831 674 4882 MS.
