3560 5838
564 863 565 871 ἵ
675 903 853 954 nrrmmx
875 887 940 978 (n)
1270 886 1336 960 4⁶7

333 1083 428 1164 Item,
450 1086 631 1152 manerium
663 1088 704 1154 de
737 1088 939 1177 Perkebyry,
961 1111 1063 1178 usque
1095 1089 1138 1156 ad
1160 1110 1322 1156 summam

285 1187 432 1272 quinque
453 1189 612 1254 librarum
634 1211 692 1277 per
714 1213 845 1257 annum.

333 1285 429 1366 Item,
450 1292 652 1378 mesuagium
681 1292 722 1358 de
744 1292 960 1370 Threhovveee,
982 1291 1070 1358 infra
1100 1291 1189 1358 idem
1225 1293 1331 1360 domi·

287 1389 389 1468 nium,
411 1413 513 1478 usque
535 1392 578 1458 ad
599 1415 761 1460 summam
783 1399 856 1460 uoto
878 1413 1060 1460 marsanam
1082 1415 1294 1480 perannum

333 1490 429 1571 Item,
451 1495 633 1560 manerium
655 1495 696 1561 de
725 1495 928 1582 Pynsefolde,
958 1516 1059 1581 nsque
1088 1495 1132 1562 ad
1160 1517 1324 1563 summam

285 1593 427 1658 duarum
449 1617 630 1662 marearum
653 1618 711 1682 per
732 1618 865 1663 annum.

333 1695 428 1775 Item,
451 1697 634 1763 manerium
656 1696 696 1764 do
718 1697 875 1784 (luffaley,
897 1698 986 1785 quod
1012 1697 1155 1785 pertinet
1183 1698 1228 1764 ad
1257 1696 1328 1764 offi-

285 1795 375 1860 cium
397 1795 687 1885 ¹Eleemosynarii,
710 1821 811 1885 usque
841 1800 886 1866 ad
918 1820 1078 1864 summam
1099 1799 1222 1886 ulginti
1252 1799 1329 1866 soli-
1390 1793 1394 1802 “

285 1896 403 1968 dorum
425 1920 637 1984 perannum.

329 1997 447 2078 ²Item,
482 2001 570 2068 idem
591 2002 715 2084 Abbes,
747 2002 815 2068 auis
837 2003 874 2068 in
903 1996 1115 2090 temporibus,
1138 2001 1327 2068 melioravit

282 2103 567 2188 graminationem,
597 2106 667 2172 sive
695 2106 983 2194 herbagiatiouem,
1006 2105 1042 2170 in
1064 2126 1160 2192 parco
1190 2105 1231 2171 de
1260 2106 1329 2191 Ey-

287 2204 388 2284 wode,
410 2228 514 2292 usque
536 2207 580 2273 ad
602 2229 762 2274 summam
785 2213 859 2274 octo
880 2229 1061 2274 marearum
1082 2229 1141 2295 per
1162 2228 1295 2276 annurn

328 2305 425 2386 Item,
441 2309 477 2374 in
491 2309 593 2375 Pareo
607 2315 642 2376 et
657 2311 808 2390 Borham,
821 2331 924 2396 usque
941 2309 984 2376 ad
1006 2315 1167 2376 tummam
1189 2314 1322 2376 uantum

283 2408 462 2475 solidorum
484 2432 543 2497 per
564 2433 695 2480 annum.

330 2510 426 2592 Item,
449 2513 486 2577 in
507 2535 605 2599 pareo
630 2514 671 2580 de
693 2513 935 2600 Tytenhangre,
957 2533 1059 2599 usque
1090 2512 1134 2579 ad
1163 2533 1325 2579 summam

283 2611 407 2699 viginti
429 2614 607 2680 solidorum
630 2637 840 2702 perannum.

329 2714 425 2793 Item,
455 2716 541 2782 idem
576 2717 698 2796 Abbas,
720 2718 787 2784 suis
820 2717 858 2782 in
887 2715 1095 2802 temporibus,
1127 2715 1322 2796 melioravit,

283 2817 413 2882 ratione
434 2819 657 2904 reparationis,
680 2820 721 2885 de
753 2831 820 2905 qua
849 2819 889 2884 fit
919 2817 1043 2883 mentio
1065 2817 1102 2882 in
1132 2815 1318 2904 praemissis,

283 2918 449 2985 redditum
479 2925 743 2986 tenementorum
777 2920 865 2986 iufra
893 2919 1009 2985 villam
1047 2918 1161 2985 Sancti
1189 2918 1323 2998 Albani,

283 3042 385 3107 usqne
422 3022 465 3086 ad
501 3044 662 3089 summam
698 3023 810 3088 decem
846 3025 881 3087 et
918 3025 1042 3108 septem
1070 3019 1231 3086 librarum
1263 3041 1323 3107 per

280 3144 416 3190 annum.

327 3224 424 3304 Item,
448 3227 635 3292 melioravit
654 3227 821 3292 redditum
851 3228 1112 3290 tenementorum
1134 3223 1223 3290 infra
1244 3222 1325 3289 uivi-

281 3332 386 3392 tatem
407 3327 660 3407 Londoniarum,
683 3349 787 3414 usque
819 3326 863 3392 ad
893 3346 1054 3392 summam
1079 3325 1221 3412 triginta
1250 3323 1326 3392 soli-

280 3429 399 3494 dorum
422 3451 481 3516 por
501 3451 636 3495 annum.

327 3529 424 3609 Item,
454 3531 658 3618 recuperavit
686 3528 1023 3617 quietum-redditum,
1052 3532 1233 3594 retractum
1261 3549 1321 3614 per
1354 3535 1359 3544 '

281 3635 412 3718 tempus
427 3654 494 3698 non
510 3634 671 3700 modicum
693 3631 825 3710 ibidem,
841 3631 1001 3718 usquead
1022 3651 1185 3696 summam
1199 3629 1324 3718 viginti

280 3739 406 3820 septem
427 3734 586 3800 librarum
608 3755 666 3821 per
687 3755 820 3800 annum.

327 3835 423 3920 Item,
445 3837 533 3903 idem
547 3837 668 3918 Abbas,
684 3837 751 3902 suis
773 3835 809 3898 in
831 3833 1042 3923 temporibus,
1057 3833 1179 3912 taliter,
1202 3832 1321 3902 mediis

279 3942 315 4002 et
346 3938 513 4004 favoribus
545 3937 757 4004 illustrissimi
787 3935 955 4021 Principis,
977 3935 1112 4000 Domini
1138 3933 1319 4012 Humffidi,

281 4039 501 4106 Glowoestriae
523 4041 633 4118 Ducis,
655 4043 870 4106 renovaverat
893 4035 1073 4102 ³Obartam
1103 4034 1202 4121 regim
1223 4033 1321 4100 liber·

280 4142 369 4221 tatis,
392 4150 431 4209 ut
453 4165 527 4228 quae
549 4144 639 4230 prius
660 4145 734 4207 arta
754 4139 819 4232 fuit
851 4138 957 4217 nimis,
982 4142 1016 4203 at
1037 4138 1182 4216 obscura,
1206 4137 1316 4222 sieque

279 4245 441 4329 generalis
463 4246 499 4310 in
521 4267 564 4324 se,
579 4245 666 4332 quod
687 4242 794 4308 ⁴nihil
809 4241 902 4329 quasi
923 4240 1056 4327 penitus
1073 4239 1241 4305 videretur
1255 4241 1315 4304 aut

270 4499 332 4564 feld
337 4522 345 4560 ς
365 4499 476 4568 Cuffelep
484 4503 609 4566 pertinen
618 4500 695 4566 officio
706 4497 781 4550 Ete-
827 4495 1008 4561 Ibtmtunper:
1041 4493 1150 4544 redditus
1180 4501 1319 4544 mmorta-

280 4581 419 4644 motynarii,
455 4579 588 4630 meliorata.
604 4609 639 4620 -
654 4577 781 4644 Marginal
823 4593 875 4626 run
897 4577 923 4625 in
947 4573 1039 4625 Sancto
1056 4571 1162 4636 Albona
1177 4573 1321 4638 Ladonis,

280 4657 355 4709 Note.
826 4652 1120 4718 aetorum-Margum
1131 4652 1209 4706 Note.

313 4735 510 4788 ¹Elemosiaarii
521 4738 614 4790 inlus.
859 4731 1090 4784 'Certaminffl

301 4814 419 4866 'Parca
434 4816 466 4868 de
482 4814 733 4881 Eyuood,Bortuvr,
753 4822 777 4865 et
860 4809 991 4863 mictum
1003 4810 1060 4864 MS.
