3640 5842
485 892 664 944 sonarum
685 891 974 942 wnnrnsnsrnnn
997 891 1172 945 saturnu.
1287 885 1351 951 379

302 1086 320 1114 “
342 1077 484 1146 civiliter
497 1077 730 1165 moraliterque
751 1077 841 1144 inter
855 1097 890 1144 se
911 1076 1110 1156 viventium,
1124 1082 1197 1146 erat
1216 1077 1353 1166 1itaque
1365 1081 1434 1134 AJ).
1449 1088 1520 1136 ¹4⁶⁰·

302 1185 323 1217 “
344 1180 424 1247 olim
446 1181 626 1268 perjurium
640 1181 767 1248 fucinus
780 1180 863 1246 adeo
877 1200 987 1267 grave,
1008 1180 1144 1266 mande,
1160 1187 1196 1249 et
1218 1183 1353 1249 horren·

303 1293 321 1322 “
342 1283 432 1362 dum,
454 1289 495 1350 ut
524 1305 600 1350 cum
622 1284 697 1370 quis
730 1283 767 1348 in
788 1281 898 1370 putria
927 1282 987 1347 illa
1009 1282 1157 1349 facturus
1179 1289 1265 1351 esset
1283 1286 1354 1372 jus·

303 1395 322 1424 “
338 1385 519 1472 jurandum
533 1407 593 1474 pro
607 1405 643 1451 rc
657 1385 776 1473 aliqua,
791 1385 1001 1452 deducendus
1028 1383 1124 1452 'erat
1138 1387 1181 1452 ad
1196 1388 1356 1474 quosdam

304 1489 431 1554 “locus
451 1489 570 1577 patriae
591 1487 690 1567 illius,
714 1488 772 1575 qui
794 1487 1001 1554 vocabantur
1023 1487 1189 1556 ‘Oraterae
1202 1490 1221 1572 3’
1243 1490 1309 1570 ubi,
1326 1491 1355 1556 si

304 1601 322 1629 “
344 1595 405 1658 eut
425 1589 650 1679 ³neg1igsntia
671 1611 785 1658 sensus
814 1594 1014 1678 praeventus,
1045 1596 1106 1658 aut
1136 1592 1355 1660 obduratione

304 1693 450 1761 “cordis
480 1693 674 1773 obcoeeatus,
708 1692 914 1782 contingeret
948 1714 1024 1760 eum
1049 1693 1194 1762 incidere
1223 1696 1261 1760 in
1282 1718 1355 1783 pcr-

305 1806 323 1834 “
340 1798 475 1885 jurium,
497 1797 608 1863 subito
642 1817 727 1874 casu,
749 1804 789 1862 ut
820 1795 935 1862 scribit
958 1795 1156 1875 Macrobius,
1183 1798 1220 1863 in
1243 1798 1357 1864 Tertio
1488 1791 1490 1798 ’

304 1899 394 1966 “De
427 1897 668 1976 Saturnalibus,
701 1897 737 1962 in
770 1897 860 1964 lacus
898 1897 1011 1977 dictos,
1044 1899 1190 1984 quedam
1221 1900 1357 1966 deorum

304 2011 322 2038 “
343 2023 477 2070 suorum
499 2001 734 2088 cooperatione,
758 1999 932 2078 decideret,
953 2001 991 2065 in
1015 1999 1161 2088 ipsisque
1183 2001 1298 2082 vitam,
1319 2004 1356 2069 in

304 2113 322 2141 “
344 2127 477 2193 poenam
497 2109 732 2190 transgressus,
750 2123 808 2189 per
829 2102 1085 2168 submersionem
1115 2125 1175 2192 pro
1197 2110 1356 2193 perpetuo

305 2213 322 2244 “
344 2207 545 2273 terminaret.
590 2205 715 2271 Verum
736 2203 877 2291 insuper,
895 2205 996 2290 juxta
1018 2205 1104 2272 ritus
1126 2210 1161 2272 et
1183 2213 1356 2274 consuetu·

305 2313 323 2344 “
346 2309 439 2375 dines
460 2308 555 2395 regni
584 2305 840 2394 ‘Phrygiorum
864 2305 1069 2393 aliorumque
1098 2308 1356 2376 circummanen-

305 2416 324 2447 “
345 2411 432 2478 tium
446 2409 651 2498 populorum,
674 2413 748 2474 erat
768 2412 930 2496 praeterea
950 2409 1076 2474 crimen
1099 2409 1236 2498 perjurii
1252 2412 1356 2478 scelus

306 2521 325 2550 “
347 2518 418 2579 tarn
448 2511 583 2600 gmndis
615 2510 839 2598 despectionis,
863 2510 1068 2596 abjectionis,
1092 2517 1128 2578 et
1153 2513 1353 2601 improperii,

306 2623 323 2652 “
345 2621 386 2682 ut
406 2616 436 2680 ei
458 2615 532 2701 quis
553 2614 591 2678 in
612 2613 721 2700 ipsum
751 2612 922 2693 incideret,
952 2613 1048 2679 fieret
1070 2616 1233 2701 posterius
1265 2617 1355 2683 inter

306 2725 324 2754 “
344 2717 512 2806 proximos
541 2717 627 2782 siout
657 2719 781 2782 noctua
809 2715 899 2780 inter
924 2715 1083 2796 volucres,
1114 2716 1185 2784 sive
1212 2723 1354 2786 cestrum

305 2827 323 2858 ‘⁴
344 2821 433 2887 inter
453 2818 601 2908 pecudes,
623 2817 686 2884 hoc
704 2823 762 2896 est,
786 2816 823 2882 in
844 2823 992 2884 extremo
1007 2819 1112 2906 gradu
1135 2818 1214 2898 odii,
1237 2841 1353 2909 oppro-

306 2930 325 2958 “
345 2923 419 3001 brii,
442 2928 478 2988 et
503 2919 728 3009 despectionis.
776 2919 877 2986 Unde
898 2920 1096 3000 Laomedon,
1119 2921 1193 2988 Rex
1216 2921 1354 3010 *Trojae,

306 3031 325 3061 “
346 3025 497 3113 princeps
519 3043 708 3109 quenquam
737 3042 878 3108 mugnus
899 3025 935 3087 et
961 3022 1122 3110 gloriosus
1152 3023 1189 3088 in
1217 3024 1276 3091 illa
1304 3047 1355 3091 re-

306 3132 323 3162 “
347 3126 453 3216 gione,
476 3121 897 3202 ⁰nihi10minus,si⁷fider
923 3123 1020 3190 detur
1049 3125 1219 3214 scripturis
1249 3129 1354 3215 poeti-

303 3233 322 3265 “
337 3229 393 3312 cis,
419 3229 457 3295 in
479 3232 671 3316 perpetuam
705 3226 824 3305 incidit
850 3227 994 3292 nominis
1020 3227 1248 3314 ignominiam,
1276 3231 1355 3316 quia

305 3339 323 3368 “
345 3351 404 3419 per
421 3330 602 3418 perjurium
616 3332 689 3394 tam
703 3327 867 3393 Phoebum
882 3326 1012 3408 delusit,
1027 3350 1127 3416 quam
1149 3329 1353 3418 Neptunum,

307 3438 326 3470 “
348 3453 448 3519 quam
480 3431 580 3497 etiam
602 3431 714 3495 virum
736 3429 856 3495 fortem
880 3429 1068 3509 Herculem,
1083 3433 1353 3521 promissumque,

256 3577 260 3586 .
305 3542 325 3570 “
346 3535 408 3600 sub
430 3530 665 3620 ⁸jurejurando
695 3532 741 3597 eie
771 3531 967 3618 prestitum,
988 3533 1096 3599 veluti
1125 3534 1263 3621 juravit,
1285 3558 1353 3603 non

307 3635 514 3724 “persolvit
556 3633 681 3700 Verum
705 3637 874 3721 praterea,
897 3635 988 3720 quod
1010 3641 1062 3701 est
1083 3636 1127 3702 ad
1148 3638 1354 3725 propositum
1454 3707 1457 3714 ,

306 3739 451 3826 “magis
494 3737 532 3802 in
567 3734 715 3814 materia,
748 3736 848 3822 juxta
885 3736 969 3802 scita
1005 3737 1185 3819 Oanonum,
1224 3741 1355 3810 decreta

307 3851 324 3882 “
345 3843 553 3925 Pontificum,
586 3861 761 3929 regnorum
778 3839 865 3927 jura,
894 3863 1072 3930 regumque
1094 3845 1353 3930 constitutiones,

307 3955 326 3982 “
347 3967 386 4012 ac
421 3945 523 4011 etiam
559 3941 824 4030 ⁹imperat0rum‚
858 3943 887 4008 si
917 3944 992 4030 quis
1024 3945 1172 4028 scienter,
1207 3953 1242 4013 et
1278 3969 1354 4014 cum

307 4053 325 4084 “
346 4047 445 4135 plena
466 4045 710 4123 deliberatione,
733 4043 890 4110 deciderit
911 4045 948 4110 in
969 4045 1159 4133 perjurium,
1183 4048 1272 4136 quod
1294 4055 1354 4130 est,

307 4156 325 4184 “
347 4148 525 4214 secundum
547 4147 695 4213 doctores
710 4143 906 4225 catholicoe,
921 4153 1091 4234 peccatum
1106 4151 1241 4237 gravius
1255 4173 1354 4238 quam

307 4257 325 4288 “
347 4253 393 4317 sit
412 4249 633 4328 homicidium,
648 4247 727 4335 quia
741 4247 864 4316 directe
878 4255 994 4316 contra
1016 4257 1217 4339 praeceptum
1235 4253 1355 4323 Pn'mae
1431 4281 1434 4290 ⁴
