3640 5842
470 877 536 942 380
803 889 1001 941 naumurum
1022 889 1180 942 renarra

302 1083 489 1138 an.14eo.“
511 1075 656 1156 Tabulae,
677 1076 707 1142 ei
737 1075 783 1141 ait
816 1074 915 1140 homo
948 1075 1193 1156 ecclesiasticus,
1217 1081 1252 1143 et
1282 1075 1319 1141 in
1351 1075 1516 1164 dignitate

470 1185 488 1215 “
510 1179 645 1266 positus,
661 1178 759 1245 debet
782 1177 948 1265 deprivari
971 1179 1063 1244 omni
1085 1178 1251 1266 dignitate
1273 1177 1399 1257 habita,
1414 1201 1453 1246 ac
1466 1179 1517 1246 in·

471 1289 489 1316 “
511 1280 681 1348 habilitati
704 1279 762 1345 ¹in
777 1284 946 1366 posterum
971 1302 1032 1368 pro
1059 1279 1217 1361 habenda,
1240 1282 1421 1370 reponique
1435 1282 1519 1348 ulte·

470 1390 489 1420 “
511 1384 581 1454 rius
595 1385 632 1449 in
654 1387 803 1448 extremo
824 1383 930 1470 gradu
952 1383 1101 1462 miseriae,
1123 1387 1164 1450 ut
1185 1384 1246 1449 fiat
1269 1383 1327 1450 ¹in
1349 1389 1517 1471 poetarum

469 1495 487 1522 “
511 1486 657 1552 omnium
672 1484 885 1572 opprobrium
899 1483 1080 1565 hominum,
1092 1485 1298 1574 abjectioque
1312 1486 1349 1551 in
1364 1486 1518 1554 universa

468 1597 486 1626 “
508 1587 625 1676 plebe:
647 1586 676 1653 ei
698 1608 777 1654 vero
800 1586 898 1652 homo
920 1587 1094 1668 saecularis,
1120 1587 1394 1676 secularibusque
1416 1588 1518 1676 copiis

466 1701 484 1726 “
506 1689 683 1770 reiulcitue,
699 1689 729 1755 ai
750 1689 920 1755 convictus
941 1688 1043 1757 fuerit
1064 1690 1106 1756 de
1128 1690 1278 1778 perjurio,
1294 1697 1329 1757 et
1343 1691 1515 1772 attinctus,

467 1801 486 1830 “
508 1793 641 1860 deberet
670 1791 787 1858 domus
818 1791 888 1876 ejus
920 1791 1017 1870 duni,
1038 1791 1126 1858 bona
1156 1793 1332 1872 confiscari,
1355 1798 1517 1880 terraque

466 1896 592 1962 “arari
625 1917 668 1961 ex
698 1901 895 1975 transverso,
918 1900 953 1960 et
985 1894 1156 1982 conspergi
1187 1895 1262 1976 sale,
1285 1894 1329 1960 ad
1359 1895 1461 1960 finem
1482 1900 1518 1962 et

467 2007 483 2038 “
506 1999 683 2076 intentum,
701 2003 740 2064 ut
754 1995 914 2063 haberent
931 1995 1042 2083 jacere
1056 1997 1185 2064 sterilae
1207 1996 1269 2062 ²in
1291 2002 1466 2084 posterum,
1481 2001 1518 2064 et

468 2102 544 2166 “in
567 2101 767 2188 sempiterna
787 2098 1026 2187 reprobatione.

512 2213 530 2239 “
552 2203 638 2271 Cum
652 2202 758 2290 igitur
771 2201 953 2290 perjurium
967 2201 1013 2268 ait
1023 2206 1093 2268 tam
1107 2201 1234 2288 grande
1249 2201 1381 2276 vitium,
1394 2203 1516 2269 nedum

467 2316 484 2342 “
507 2307 595 2392 apud
618 2305 743 2372 Christi
763 2303 887 2384 fideles,
909 2309 944 2370 et
973 2302 1117 2370 fideliter
1142 2303 1276 2370 christo
1304 2303 1517 2386 adherentes,

466 2416 483 2446 ‘⁴
505 2406 710 2494 ²quinimm0
724 2405 835 2484 etiam,
857 2405 946 2492 apud
961 2405 1049 2492 ipsos
1064 2425 1146 2491 quos
1168 2426 1229 2471 noe
1253 2405 1404 2472 infideles
1436 2407 1516 2472 dici-

466 2520 484 2546 “
505 2531 586 2590 mua,
602 2515 638 2576 et
653 2515 732 2576 aunt
747 2509 789 2579 de
803 2529 940 2574 numero
962 2507 1200 2590 barbarorum
1223 2506 1323 2574 'Vah
1340 2508 1381 2574 de
1404 2508 1517 2596 hujus-

465 2619 484 2648 “
507 2613 597 2678 modi
608 2611 796 2679 Christiano
806 2609 973 2698 principe!
990 2611 1049 2696 qui
1063 2615 1277 2690 narraretur,
1290 2631 1516 2678 necveracun·

462 2725 480 2752 “
503 2715 610 2795 datur,
626 2715 663 2780 in
685 2713 769 2780 illud
790 2713 942 2792 incidere,
959 2713 1138 2780 dummodo
1164 2717 1275 2800 poeaet
1299 2714 1515 2780 conscendere

461 2826 478 2853 “
500 2817 609 2896 altius,
633 2817 732 2884 etde
755 2816 864 2882 ducali
886 2814 1052 2904 dignitate
1074 2815 1118 2881 ad
1140 2813 1369 2882 celsitudinem
1391 2815 1515 2904 regiam

463 2919 728 3007 “commigrare
785 2917 1030 3003 Qualiscumque
1055 2916 1167 3005 igitur,
1191 2916 1262 2983 eive
1291 2923 1516 3003 quantuscun-

465 3029 483 3058 “
505 3042 576 3108 que,
587 3023 632 3088 ait
646 3021 717 3109 ejus
731 3020 860 3101 titulus,
876 3021 1040 3100 nolumus,
1056 3019 1214 3086 moderno
1228 3019 1319 3108 Rege
1330 3021 1516 3108 superstite,

467 3129 486 3160 “
508 3124 616 3210 ipsum
639 3144 737 3211 super
757 3143 818 3188 nos
839 3120 1008 3209 regnare.''

299 3242 456 3310 Onneumg
513 3225 663 3312 Cumque
685 3224 834 3312 populna,
857 3223 951 3310 quaei
982 3222 1098 3303 omnia,
1121 3223 1237 3290 taliter
1263 3230 1516 3305 murmuranter,

299 3310 422 3387 ΜΡ·
468 3327 525 3393 aed
564 3331 784 3406 susurrantem
823 3325 954 3404 diceret,
993 3325 1158 3392 exaltaret
1195 3329 1306 3392 tamen
1348 3324 1516 3393 interdum

297 3391 423 3506 miii
467 3429 580 3496 taliter
609 3451 702 3495 auam
732 3449 855 3507 vocem,
886 3433 927 3494 ut
957 3428 1093 3494 tandem
1123 3447 1236 3492 rumor
1264 3428 1442 3494 murmuria
1472 3427 1516 3494 ad

298 3523 429 3625 ffiffle
468 3551 563 3596 aurea
585 3529 743 3618 principis
767 3529 947 3609 deveniret,
970 3529 1071 3616 coepit
1093 3551 1127 3595 ae
1158 3551 1335 3617 parumper
1360 3529 1517 3596 humilius
1567 3581 1571 3588 .

297 3639 411 3720 nonina
468 3654 588 3720 regere,
609 3633 646 3698 in
667 3654 701 3698 ee
722 3631 880 3698 humilius
909 3653 1031 3719 sapere,
1056 3631 1096 3697 de
1126 3651 1225 3719 aeque
1258 3632 1381 3698 sentim
1409 3631 1516 3697 humi-

297 3707 446 3824 {ffiffl'
467 3735 540 3816 liue,
564 3757 601 3801 ac
623 3755 698 3803 suos
720 3734 857 3822 spiritua
888 3732 1066 3799 modestius
1093 3738 1299 3822 temperare;
1320 3733 1371 3800 ita
1394 3740 1444 3814 ut,
1458 3757 1517 3823 per

298 3809 443 3955 ἱξῖἐιᾷθᾱ
466 3835 641 3926 proborum
671 3858 840 3925 procerum
871 3835 1148 3916 intractatiouem,
1170 3840 1206 3902 et
1239 3835 1457 3924 praelatorum,
1480 3835 1516 3902 in

297 3908 446 4023 ξὶῃξῗε
466 3940 551 4008 hano
573 3941 705 4007 demum
720 3939 991 4006 condescenderet
1014 3938 1194 4004 concordiae
1208 3937 1459 4020 conclusionem,
1477 3945 1515 4004 ut

298 4040 411 4156 leleeff,
466 4042 647 4108 Dominum
681 4041 864 4109 Henricum
887 4041 1029 4108 Sextum
1059 4061 1118 4127 pro
1150 4040 1420 4128 omnitempore,
1449 4061 1516 4127 quo

298 4115 426 4223 ffiem
465 4145 610 4232 placeret
631 4145 694 4210 eibi
716 4164 836 4232 regere,
859 4147 899 4209 ut
921 4163 1016 4208 suum
1040 4141 1239 4228 superiorem
1271 4140 1443 4208 dominum
1464 4163 1510 4209 re

299 4238 397 4291 mom.
466 4251 679 4335 cognosceret,
700 4246 885 4331 coleretque
899 4251 939 4311 ut
960 4265 1070 4332 regem
1082 4268 1091 4326 ;
1113 4264 1151 4309 ac
1165 4243 1240 4325 sibi,
1253 4248 1294 4310 ut
1315 4265 1394 4310 auus
1408 4243 1515 4310 fidelis

466 4349 578 4438 ligeue,
599 4349 636 4413 in
659 4346 821 4426 omnibus,
838 4345 941 4432 juxta
961 4344 1100 4434 gradum
1122 4366 1191 4412 suae
1213 4345 1398 4434 dignitatis,
1421 4345 1513 4412 oboe-

467 4451 621 4538 quialiter
652 4447 874 4530 subserviret;
917 4447 997 4513 dum
1035 4451 1147 4512 tamen
1185 4447 1262 4534 ipae,
1299 4469 1374 4514 cum
1411 4447 1508 4534 pleno

498 4699 777 4768 ¹importeruaainMS.
984 4699 992 4833 Ι
1042 4696 1245 4751 'Vol-iinm-

497 4777 667 4848 ’primatia
678 4779 738 4832 MS.
992 4847 995 4863 Ι
