3582 5838
425 916 490 981 rto
760 923 956 977 meremur
979 921 1136 974 summm

496 1232 606 1300 mse
628 1230 733 1300 Alce
757 1229 884 1316 cust
905 1227 1049 1296 lotoe
1069 1227 1244 1295 rooles
1268 1227 1392 1295 oeus.

424 1399 601 1495 Processere
628 1393 843 1463 iudewtiouis
865 1393 1084 1460 diversorum
1105 1390 1342 1480 percellentem
1363 1398 1469 1472 neo,

511 1521 588 1568 uota
616 1520 695 1566 cum
722 1494 918 1574 oblocuturi,
943 1493 1137 1582 jctccutiumt
1167 1495 1312 1584 deprope
1341 1493 1464 1582 toftruu

513 1602 552 1670 dc
574 1600 747 1690 Squillae-s.

302 1777 370 1830 sn,
470 1754 597 1842 'Iopso
619 1773 707 1818 enno
729 1749 839 1832 tertio,
854 1749 1111 1836 succedenteque
1133 1753 1261 1836 quarto,
1276 1748 1471 1816 succedebat

276 1849 396 1896 ¹⁴⁴⁸·⁵⁰·
424 1858 512 1924 infin
533 1877 674 1944 paucum
694 1858 825 1941 tempus
854 1853 1016 1941 posterius
1045 1851 1102 1918 ille
1132 1851 1254 1917 mensis
1279 1873 1411 1939 aqueus,
1434 1852 1470 1918 in

256 1925 498 2048 iffniffgmquo,
521 1958 619 2051 usin
640 1955 752 2022 herm
781 1959 816 2021 ec
844 1954 1023 2032 arboribus,
1046 1954 1096 2021 ua
1124 1953 1227 2019 etum
1248 1954 1284 2019 in
1309 1955 1470 2041 jumentis

256 2057 460 2138 effunderet
498 2059 696 2140 hominibus,
727 2057 836 2124 solent
873 2056 1026 2123 humores
1065 2057 1249 2137 increscere,
1289 2057 1467 2144 taliterque

256 2125 409 2257 iffi&
424 2163 592 2232 interdum
614 2162 702 2227 ultre
723 2180 918 2237 mensurum,
941 2159 1030 2245 quod
1051 2159 1253 2246 compellunt
1281 2160 1390 2226 varios
1413 2181 1471 2246 per

424 2264 613 2332 morborum
635 2265 785 2328 incursus
806 2261 949 2327 incidere
980 2261 1017 2326 in
1045 2261 1167 2328 lectum
1199 2263 1413 2348 aegritudinis,
1436 2267 1470 2329 et

426 2367 602 2434 terminare
634 2367 747 2432 vitum
794 2363 892 2445 Quod
926 2363 1050 2429 melum
1087 2364 1131 2429 od
1164 2364 1381 2430 devitandum
1414 2365 1470 2430 de-

424 2469 562 2536 mendut
586 2468 786 2534 medicorum
815 2466 937 2532 nedum
967 2466 1117 2553 practice,
1140 2463 1347 2553 ³quinimmo
1370 2469 1470 2534 etium
1567 2528 1573 2538 ,

425 2571 548 2637 Sancte
581 2571 689 2636 Meter
719 2568 863 2635 Ecclesia
889 2567 1078 2634 hominibus
1108 2567 1244 2634 istisin
1268 2571 1470 2658 temporibus

424 2675 478 2741 uti
505 2674 636 2762 porcius
665 2672 784 2750 verbis,
817 2672 907 2754 cibis,
931 2677 967 2738 et
998 2672 1141 2759 potibus,
1164 2673 1198 2737 in
1231 2679 1301 2739 tom
1333 2679 1470 2761 ortuque

424 2781 568 2865 perstare
590 2775 746 2853 custodie,
769 2779 810 2840 nt
839 2794 900 2840 nec
929 2774 1041 2840 relect
1071 2774 1206 2862 crepulo
1237 2797 1372 2864 corporo
1404 2777 1471 2842 dis·

423 2879 565 2957 tendere,
586 2899 646 2945 nec
667 2877 812 2964 polluere
834 2877 968 2955 enimes,
991 2881 1051 2942 cut
1073 2875 1110 2941 in
1132 2877 1242 2964 aliquo
1265 2877 1442 2945 ludificare.

257 3009 394 3062 morelio
469 2981 571 3068 Cuius
593 2979 741 3047 mundati
763 2985 991 3068 transgressor,
1021 2985 1290 3068 contemptorque
1311 3003 1379 3047 non
1401 3003 1470 3047 mo-

257 3078 403 3195 ffid⁰db
425 3081 526 3162 dicus,
559 3083 637 3171 quie
667 3083 801 3150 clericus
832 3080 985 3163 Abbetis,
1007 3080 1212 3149 ‘Mettbaeus
1243 3083 1371 3172 Bepset,
1403 3085 1470 3151 suis

259 3159 387 3262 unffi
406 3180 461 3253 ’in
483 3186 686 3274 temporibus
707 3189 918 3271 nuncupatus
939 3183 1054 3262 firsrot,
1088 3186 1270 3272 sepiusque
1299 3188 1471 3253 tebemum

259 3277 359 3342 Bw*
425 3289 506 3355 Dece
539 3287 666 3354 Cereris
704 3307 803 3373 quum
835 3286 1085 3352 tubernaculum
1115 3288 1253 3354 Domini
1286 3289 1470 3356 Salvatoris

426 3392 633 3477 frequentare
656 3387 801 3469 solebut3
823 3388 898 3453 ideo
932 3387 1013 3453 dum
1041 3387 1078 3453 in
1106 3388 1241 3455 floribus
1275 3413 1343 3458 suae
1377 3391 1472 3479 qussi

423 3484 620 3580 juventutis¹
633 3489 829 3576 persisteret,
853 3491 1012 3556 emarcuit
1034 3491 1127 3578 qussi
1149 3491 1210 3557 flos
1231 3492 1306 3570 feni,
1329 3493 1367 3558 in
1387 3493 1472 3560 fate

427 3615 491 3681 que
513 3591 669 3658 discessit.
715 3591 814 3657 Unde
833 3592 912 3678 quie
934 3592 1041 3658 cultor
1062 3594 1227 3660 maximus
1246 3593 1344 3680 hujus
1366 3595 1473 3662 fueret

425 3695 620 3772 “idolatria
640 3715 700 3759 nec
721 3694 820 3760 scivit
842 3695 884 3760 ob
906 3715 1040 3761 excessu
1061 3695 1128 3762 cibi
1149 3711 1184 3762 ct
1206 3702 1313 3785 potus,
1336 3703 1371 3764 st
1391 3719 1474 3785 prae·

424 3799 519 3886 cipue
549 3801 658 3885 potus,
694 3817 728 3862 se
761 3797 846 3864 bene
879 3798 1053 3878 obstinere,
1085 3798 1159 3866 ideo
1195 3806 1270 3888 post
1308 3801 1472 3867 decessum

423 3902 530 3991 ipsius
557 3899 717 3987 scriptum
750 3905 821 3965 erut
855 3900 896 3966 de
930 3922 969 3967 eo
1002 3921 1061 3988 per
1093 3903 1268 3988 quemdem
1290 3903 1472 3970 metristum

423 4003 711 4092 ⁶epigremmotice
732 4024 791 4092 per
812 4003 900 4069 hunc
922 4003 1112 4085 modum,-

259 4127 371 4180 Linesin
471 4127 489 4155 “
511 4119 621 4185 Filum
643 4117 760 4184 letales
783 4118 871 4204 quod
892 4122 961 4184 tres
983 4140 1100 4185 nevere
1122 4141 1256 4200 sorores,

259 4195 404 4326 muido
470 4227 488 4258 “
510 4221 610 4287 Nunc
632 4226 682 4287 est
704 4222 892 4308 abruptum,
917 4221 976 4286 vix
998 4222 1149 4308 quumvis
1171 4223 1406 4306 dimidietnm3

259 4336 355 4445 pff
472 4329 490 4362 “
513 4324 620 4391 Ouuse
641 4323 720 4405 fuit,
742 4323 884 4389 nimium
908 4322 1058 4390 Cererem
1082 4325 1167 4390 colui
1190 4347 1254 4412 que
1276 4326 1447 4415 lLyseum.

461 4562 548 4612 ¹Acta
559 4562 710 4625 anniquoro·
717 4559 926 4611 Abbotr'chbnn·
1004 4561 1138 4628 ³qm'ryrro
1149 4564 1245 4616 iures,

427 4643 466 4691 nir
480 4639 812 4705 Octavi-Superscription
827 4641 926 4692 tofolio
1004 4641 1258 4696 4ΜιιΙΙιαιιεὶιιΜΒ.

428 4727 469 4772 64.
1003 4719 1013 4752 ⁵
1023 4719 1150 4786 ydolatrie
1161 4723 1188 4772 in
1199 4724 1255 4776 MS.

459 4798 925 4862 ²'I'helirstletterioomitted3tobe
1005 4800 1303 4866 murmuramus.

426 4879 539 4946 supplied
549 4880 576 4930 in
587 4877 759 4930 illuminatior.
1003 4878 1110 4931 mum
1122 4881 1149 4932 in
1161 4881 1220 4934 MS.
