3582 5838
488 900 663 954 Jomrms
685 902 972 984 usuraqusrunn
995 904 1173 956 sscurnn.
1292 887 1356 960 167

306 1111 410 1177 usque
442 1091 486 1158 ud
507 1091 623 1158 villum
645 1090 761 1160 Sancti
783 1091 907 1158 Albani
918 1117 927 1174 ;
950 1092 1063 1180 ibique
1085 1093 1121 1158 in
1143 1115 1267 1181 campo,
1298 1093 1356 1180 qui
1371 1107 1437 1160 nn.
1452 1113 1525 1162 1⁴⁵⁵.

307 1195 441 1282 respicit
462 1194 551 1262 villae
581 1194 727 1262 modium
756 1217 869 1262 versus
891 1197 1027 1277 Eurum,
1049 1196 1294 1264 insimultuntes
1323 1220 1358 1264 se
1371 1187 1512 1308 ffiflffid

309 1319 385 1362 cum
415 1296 483 1363 suis
515 1298 552 1362 in
580 1319 695 1378 unum,
728 1319 832 1385 usque
862 1298 906 1365 ud
939 1320 1112 1366 numerum
1145 1298 1248 1366 trium
1275 1271 1478 1387 peneffiof

310 1399 451 1464 millium
474 1406 703 1489 pugnatorum,
726 1401 815 1467 inter
836 1422 871 1467 se
893 1401 1068 1468 concilium
1090 1407 1252 1490 ceperant,
1279 1389 1528 1490 quspscalbm’s.

310 1503 407 1568 modo
445 1504 480 1568 in
513 1503 627 1570 villam
664 1509 798 1592 possent
831 1505 960 1585 irruere,
1000 1510 1034 1571 et
1070 1505 1175 1593 ipsam
1212 1505 1358 1594 praedam

311 1627 548 1692 superaquam
571 1605 779 1674 affectabant.

357 1709 508 1792 Interim,
528 1709 608 1775 dum
629 1709 695 1797 ipsi
716 1710 753 1774 in
776 1709 1010 1777 deliberatione
1032 1715 1205 1793 steterant,
1221 1711 1302 1788 Rex,
1318 1711 1359 1778 de
1372 1733 1514 1786 monako

311 1834 424 1879 eorum
472 1813 620 1880 adventu
665 1813 867 1895 certioratus,
904 1813 997 1879 misit
1043 1812 1086 1878 ad
1123 1835 1178 1880 eos
1211 1813 1357 1880 ¹Dueem
1371 1801 1494 1918 oquqk-

311 1915 578 2004 Bckyuggamiee,
595 1915 813 2002 quaesivitque
835 1915 877 1982 ab
898 1915 986 2002 ipsis,
1003 1937 1047 1981 an
1067 1936 1179 1982 eorum
1193 1915 1359 1983 adventus
1371 1883 1494 2014 diense

310 2023 397 2084 esset
418 2017 581 2105 pacificis,
603 2021 662 2084 aut
690 2039 732 2084 ex
755 2017 867 2103 aliqua
887 2015 953 2083 alis
974 2018 1139 2084 contraria
1166 2018 1360 2086 intentione.
1373 2002 1508 2120 &offis

312 2121 387 2203 Qui,
410 2121 651 2208 respondentes,
676 2121 834 2186 dixerunt
856 2121 981 2207 pariter
1003 2122 1280 2189 omuest-“Nos
1295 2083 1400 2188 Rem
1462 2085 1477 2120 ο
1509 2105 1516 2120 ’

315 2231 332 2260 “
353 2225 404 2312 gir
434 2223 549 2289 fideles
570 2223 642 2311 ligii
673 2222 822 2288 homines
844 2245 965 2304 sumus,
987 2245 1047 2289 noe
1069 2223 1120 2289 illi
1152 2221 1259 2289 ²nihi1
1281 2224 1360 2290 mali

314 2331 331 2364 “
352 2325 564 2406 intendimus,
587 2347 647 2391 nec
680 2325 744 2391 huc
774 2325 836 2391 hac
864 2327 1014 2392 venimus
1048 2325 1088 2393 de
1110 2349 1214 2407 causa,
1236 2333 1276 2392 ut
1309 2327 1361 2393 illi

315 2437 334 2466 ‘¹
356 2429 480 2494 madum
509 2427 644 2514 aliquod
668 2428 855 2496 inferamus.
901 2429 1144 2496 Tantummodo
1174 2429 1272 2497 detur
1301 2449 1360 2496 no·
1498 2465 1502 2482 ι

314 2539 333 2568 “
355 2533 406 2598 bis
427 2531 484 2596 ille
510 2531 564 2596 vir
584 2531 706 2618 impius
736 2532 795 2617 qui
816 2531 1057 2598 Nonnunniam
1086 2532 1280 2621 deperdidit,
1303 2535 1361 2620 qui

314 2643 332 2672 ‘⁴
353 2634 571 2700 Vaschoniam
600 2631 778 2721 ³neglexit‚
809 2633 931 2721 quique
960 2636 1022 2700 hoc
1058 2657 1197 2721 regnum
1228 2636 1360 2723 Anglise
1373 2661 1499 2729 ‘sueyse

315 2746 332 2773 “
353 2738 396 2803 sd
428 2737 516 2803 hunc
548 2736 688 2802 deduxit
717 2739 842 2802 statum
875 2737 1039 2819 miserum,
1072 2742 1107 2803 et
1140 2737 1290 2820 abduxit,
1322 2749 1361 2803 ut
1374 2728 1505 2779 mm

313 2849 331 2876 “
353 2861 427 2926 quae
457 2861 563 2928 nuper
591 2836 726 2905 domina
750 2839 858 2904 fuerat
879 2839 1038 2926 gentium,
1061 2844 1096 2904 et
1117 2840 1265 2928 princeps
1287 2863 1361 2927 pro-
1374 2797 1530 2914 ffffldffke

313 2951 331 2978 “
352 2942 549 3022 vinciarum,‘
561 2941 632 3028 jam
661 2941 775 3008 sedeat
805 2942 900 3028 quasi
925 2943 1030 3008 altera
1060 2942 1166 3008 vidua
1198 2943 1362 3022 derelicta,
1373 2927 1512 3046 ἔξω·

314 3053 331 3081 “
353 3066 419 3112 non
441 3043 566 3110 habens
588 3044 624 3109 in
651 3043 904 3110 consolationem
926 3043 1029 3130 ipsius
1051 3043 1135 3109 ullos
1156 3044 1242 3111 filios
1271 3045 1361 3126 alios,

316 3157 332 3184 “
354 3149 418 3214 nisi
449 3169 531 3235 quos
562 3148 631 3235 ipse
654 3147 810 3212 devorare
835 3147 965 3226 nititur,
987 3167 1179 3234 omnemque
1209 3149 1363 3214 substau-

315 3259 332 3289 “
355 3253 436 3318 tiam
451 3272 573 3318 eorum.
618 3249 747 3316 *Detur
761 3249 819 3314 iile
840 3249 893 3314 vir
906 3249 1010 3330 nobis,
1027 3255 1061 3316 et
1076 3250 1200 3337 absque
1221 3251 1362 3338 strepitu

314 3363 331 3390 ¹‘
353 3354 431 3436 litis,
446 3355 607 3421 laesurave
629 3352 727 3440 pacis,
741 3351 874 3440 pacifice
896 3352 1017 3418 iturum
1035 3353 1078 3418 ad
1100 3354 1233 3441 propria
1255 3353 1363 3420 ⁵redi-

314 3467 331 3492 “
353 3457 470 3525 bimus.
517 3456 579 3521 Sin
600 3459 722 3535 autem,
744 3455 773 3520 si
798 3455 835 3520 in
856 3454 919 3520 hoc
940 3460 1053 3521 nostro
1075 3455 1235 3522 desiderio
1266 3456 1363 3523 detur

315 3568 331 3596 “
353 3560 448 3625 nobis
470 3557 695 3638 contradictio,
716 3578 778 3623 nec
799 3557 883 3624 velit
905 3557 978 3623 Rex
1000 3558 1076 3625 ullis
1098 3581 1140 3626 ex
1169 3559 1275 3626 musis
1291 3560 1363 3646 jem

313 3668 331 3698 ‘⁸
353 3662 450 3728 dictis
484 3682 590 3729 carere
621 3682 669 3744 eo,
704 3660 786 3726 sciat
816 3665 907 3742 tunc,
930 3682 990 3726 nos
1020 3662 1106 3728 velle
1138 3661 1297 3730 libentius
1327 3664 1364 3728 in

313 3773 332 3802 ‘⁸
354 3786 467 3857 campo
498 3763 661 3845 decedere,
697 3783 798 3849 quam
836 3783 960 3844 rursus,
990 3762 1148 3832 frustrato
1188 3763 1362 3853 proposito,

314 3877 332 3906 “
353 3869 475 3955 absque
497 3866 609 3954 praeda
631 3864 815 3932 desiderata
836 3866 879 3932 ad
900 3866 1032 3954 propria
1052 3867 1219 3936 remeare.”

358 3971 563 4038 certioratus
586 3969 660 4035 Rex
682 3968 723 4034 de
745 3989 855 4034 eorum
887 3968 984 4034 dictis
1006 3973 1041 4035 et
1063 3970 1241 4048 desideriis,
1267 3974 1303 4035 et
1324 3990 1363 4034 ea
1377 3977 1513 4060 Thsmng

311 4073 510 4152 voluntaria,
532 4073 643 4160 potius
675 4092 772 4157 quam
806 4070 1018 4137 rationabilia
1049 4078 1109 4138 aut
1137 4072 1264 4159 legalia,
1295 4045 1532 4164 effisstrfismffiisk

312 4177 510 4264 intelligens,
534 4175 634 4262 elegit
656 4173 766 4261 potius
782 4172 919 4237 dubium
942 4175 1082 4262 experiri
1104 4173 1183 4240 belli
1198 4178 1363 4254 eventum,
1376 4128 1520 4244 hisquoops

315 4301 415 4366 quam
430 4278 532 4344 vellet
547 4283 607 4343 aut
622 4276 748 4343 dictum
764 4275 890 4341 Ducem
904 4276 1064 4356 amittere,
1075 4284 1135 4343 aut
1146 4298 1222 4342 eum
1237 4276 1365 4342 tradere

347 4501 355 4533 ¹
367 4500 518 4564 Hmftidm
529 4500 594 4550 Dur
601 4498 818 4564 Bemma-
896 4495 1032 4563 ’neoylerit
1043 4497 1070 4547 in
1082 4498 1139 4548 MS.

312 4581 440 4646 marginal
456 4580 532 4642 Note,
555 4582 590 4646 by
611 4578 683 4629 Lord
704 4577 817 4630 william
895 4575 1051 4640 *Responsa
1072 4574 1362 4642 rotatim-Margine}

312 4659 434 4710 nemu
860 4655 1182 4719 Notc‚byLordeliam
1193 4655 1312 4710 Homd.

345 4736 546 4789 nicaenus.
892 4733 1132 4785 bertiannus.
