3560 5838
493 850 558 915 462
896 861 1073 913 arruumx
1096 845 1108 930 (
1132 847 1154 932 ).

494 1047 670 1114 Communi
711 1048 822 1114 Banco
854 1048 999 1128 faceret3
1036 1048 1290 1134 concederetque
1326 1046 1457 1134 singula
1484 1045 1541 1110 illa

493 1151 626 1232 solvere,
653 1171 728 1238 quae
752 1171 810 1238 per
832 1149 923 1237 prius
944 1149 1142 1232 voluntarie,
1158 1149 1269 1237 potius
1283 1171 1381 1236 quam
1392 1147 1541 1235 juridico,

493 1250 693 1317 retractavit.

537 1349 656 1430 1Item,
682 1357 865 1420 tractatum
888 1353 1008 1419 habuit
1029 1374 1133 1420 unum
1162 1353 1264 1419 alium
1293 1373 1368 1419 cum
1397 1349 1541 1418 Domino

492 1455 629 1520 manerii
652 1455 693 1520 de
717 1454 892 1541 lllymmys
916 1477 976 1541 pro
998 1455 1188 1534 inclusione,
1212 1455 1283 1520 sive
1297 1451 1538 1540 imparcatione,

493 1555 662 1640 cujusdam
690 1557 858 1642 angularis
879 1556 1029 1643 parcellaa
1045 1558 1081 1622 in
1103 1558 1222 1622 bruera
1245 1556 1286 1622 de
1300 1555 1542 1642 Tytenhangre,

491 1659 534 1722 ad
557 1680 692 1744 parcum
714 1659 900 1725 faciendum
927 1658 1071 1742 ibidem3
1103 1681 1199 1745 quem
1222 1659 1323 1725 etiam
1353 1658 1399 1723 sic
1427 1655 1540 1722 termi-

493 1761 586 1824 navit
609 1765 643 1826 et
668 1759 789 1839 finivit,
811 1765 907 1827 utet
941 1761 1069 1826 dictum
1098 1761 1266 1826 dominum
1295 1759 1469 1824 inclinaret
1498 1757 1541 1823 ad

492 1861 563 1948 ejus
598 1862 813 1949 propositum,
844 1869 878 1928 et
910 1861 1099 1936 includeret
1129 1861 1303 1950 parcellam
1334 1861 1425 1926 illam
1455 1859 1542 1925 inira

493 1985 635 2050 parcum,
663 1963 770 2029 veluti
793 1964 997 2030 desideravit

536 2067 631 2147 Item,
668 2067 805 2132 tertium
837 2088 911 2132 oum
949 2066 1086 2156 Abbato
1119 2063 1412 2142 westmonasterii,
1445 2085 1539 2150 super

491 2169 589 2234 certis
619 2168 755 2254 injuriis
784 2191 852 2235 suae
875 2168 1021 2234 ecclesias
1044 2168 1165 2251 illatis3
1196 2169 1253 2234 sed
1282 2169 1317 2232 in
1347 2167 1404 2232 illo
1434 2169 1539 2231 totam

490 2275 561 2336 tam
599 2293 731 2358 operam
771 2269 965 2358 deperdidit,
1003 2292 1103 2357 quam
1136 2271 1335 2358 impensam;
1373 2275 1408 2335 et
1444 2289 1541 2334 causa

490 2372 607 2452 fuerat,
632 2373 713 2457 quia
734 2373 770 2436 in
794 2371 883 2439 dicto
911 2371 1043 2438 Abbate
1065 2393 1125 2438 nec
1156 2370 1376 2438 substantiam
1405 2370 1540 2436 invene·

489 2478 553 2551 rat,
578 2494 684 2558 neque
706 2473 814 2540 fidem.
861 2475 907 2540 Et
929 2476 1015 2540 circa
1037 2474 1098 2540 hos
1122 2477 1291 2552 tractatus,
1313 2470 1540 2557 circaquede·

489 2574 595 2640 sensas
617 2575 727 2640 varias
757 2576 861 2641 factas
893 2577 929 2641 in
964 2576 1098 2664 litigiis·
1115 2575 1238 2641 habitis
1268 2596 1342 2640 oum
1372 2573 1540 2662 Episcopis

489 2699 548 2764 pro
579 2676 724 2742 tuitione
755 2699 822 2744 suaa
852 2678 1083 2765 exemptionis,
1108 2677 1300 2765 expendisse
1326 2675 1431 2742 fertur
1451 2674 1540 2742 ultra

490 2800 652 2844 summam
675 2779 895 2865 quadraginta
917 2801 974 2844 sex
995 2779 1160 2844 librarum.

538 2880 633 2960 Item,
657 2880 744 2946 idem
768 2879 890 2960 Abbaa,
915 2880 982 2946 suis
1007 2881 1042 2945 in
1068 2879 1280 2967 temporibus,
1296 2878 1454 2956 'traduci
1470 2877 1541 2944 sive

491 2981 673 3062 transferri,
696 2982 776 3048 fecit
799 2983 836 3047 in
858 2983 995 3069 vulgare
1024 2987 1173 3049 nostrum
1203 2982 1316 3048 Vitam
1347 2981 1462 3046 Sancti
1484 2981 1541 3046 Al·

489 3083 568 3162 bani
592 3082 802 3171 ³Martyris3
824 3085 861 3148 in
885 3085 1047 3171 modoque
1069 3085 1289 3151 transferendi
1303 3084 1413 3171 posuit
1427 3083 1541 3169 hujus-

490 3187 580 3251 modi
604 3185 762 3264 ordinem,
785 3187 873 3273 quod
894 3209 953 3272 pro
979 3208 1068 3254 nuno
1097 3187 1257 3254 nullioubi
1286 3187 1373 3251 infra
1400 3207 1540 3273 regnum

489 3289 534 3352 sit
569 3288 650 3354 Vita
688 3311 727 3354 ea
765 3289 927 3375 acceptior
958 3289 1001 3354 ad
1031 3290 1212 3377 legendum.
1259 3289 1306 3354 Et
1334 3289 1420 3354 circs
1456 3289 1540 3354 hanc

489 3391 753 3468 translationem,
784 3391 980 3478 scripturam
1006 3390 1092 3469 libri,
1124 3397 1158 3458 et
1187 3397 1389 3478 apparatum,
1419 3412 1540 3478 expen-

489 3493 576 3556 disse
602 3493 706 3558 fertur
728 3492 817 3558 ultra
839 3515 1001 3559 summam
1024 3499 1156 3561 centum
1178 3494 1362 3560 solidorum

540 3593 637 3671 Item,
661 3595 747 3659 idem
763 3595 885 3675 Abbas,
901 3596 969 3660 suis
991 3597 1028 3660 in
1050 3596 1259 3683 temporibus,
1276 3597 1414 3684 scripsit,
1429 3595 1540 3662 scribi·

492 3717 558 3780 que
592 3695 678 3776 fecit,
709 3702 779 3761 tam
812 3718 871 3782 pro
902 3699 1062 3764 fratribus
1095 3699 1132 3763 in
1170 3698 1319 3782 claustro,
1343 3719 1442 3786 quam
1479 3719 1539 3786 pro

488 3795 716 3862 ‘scholaribus
739 3797 839 3863 etiam
862 3799 898 3863 in
921 3799 1049 3882 Studio,
1071 3799 1172 3866 libros
1195 3799 1304 3887 plures
1334 3822 1433 3887 quam
1461 3801 1537 3866 fecit

489 3899 610 3984 aliquis
648 3900 761 3965 Abbas
797 3920 891 3980 unus,
928 3923 950 3965 a
989 3901 1097 3989 prima
1133 3902 1325 3968 fundatione
1362 3923 1465 3988 usque
1500 3903 1537 3966 in

491 4023 641 4088 praesens
689 4001 777 4066 Nam
801 4003 928 4069 volenti
950 4003 993 4069 ad
1011 4003 1200 4092 Registrum
1222 4004 1341 4070 habere
1364 4025 1539 4083 recursum,

493 4102 621 4190 patebit
664 4126 812 4190 expresse
848 4105 970 4170 ibidem
1008 4127 1181 4172 numerum
1217 4106 1348 4174 illorum
1385 4105 1539 4174 excedere

495 4227 669 4270 numerum
692 4205 879 4293 ⁵octoginta
898 4211 1031 4294 septem

520 4497 527 4532 ¹
542 4497 665 4548 Dominus
672 4499 775 4549 mancii
784 4498 814 4548 de
824 4497 987 4563 Mymuya-
1069 4499 1080 4534 ⁸
1091 4499 1209 4552 Martius
1221 4501 1247 4553 in
1258 4503 1314 4556 MS.

487 4577 613 4642 Marginal
623 4576 697 4628 Note.
1070 4578 1228 4631 ‘scolaribus
1239 4581 1334 4635 inus.

519 4656 582 4721 ²135
597 4657 668 4708 John
678 4657 800 4722 Lydgate
834 4658 988 4710 SeeAmun·
1070 4658 1336 4726 ‘coaequatum

489 4735 605 4799 (leoham,
617 4737 677 4787 Vol.
689 4736 728 4788 11.
738 4736 884 4804 Appendix,
894 4753 918 4804 p.
929 4743 986 4790 2⁵⁶.
