3582 5838
459 869 523 930 220
791 881 989 932 eaorsrann
1011 879 1169 932 lenanu

287 1075 474 1129 A.D.1⁴⁵6.“
497 1022 555 1158 per
591 1073 649 1150 fas,
687 1072 803 1138 saltem
836 1094 895 1160 per
928 1071 1041 1139 1nefas
1077 1077 1182 1162 ipsam
1219 1073 1342 1142 habere
1379 1075 1503 1142 volunt.

456 1183 473 1208 ‘¹
496 1174 588 1240 Licet
609 1174 714 1263 igitur
735 1196 795 1261 pro
818 1195 907 1242 nuno
929 1176 975 1241 sit
996 1199 1159 1264 possessor
1188 1177 1328 1244 manerii
1350 1177 1431 1244 dieti
1452 1179 1505 1243 vir

455 1283 472 1311 “
494 1276 600 1342 bonus
638 1285 671 1344 et
707 1277 894 1360 benevolus,
924 1279 1100 1368 justusque
1132 1280 1168 1348 in
1201 1303 1235 1347 se
1268 1280 1429 1360 dominus,
1464 1285 1503 1346 ut

454 1385 471 1412 “
493 1379 586 1465 prius
623 1379 754 1459 dieitur,
799 1401 836 1445 ae
875 1381 1025 1466 justitias
1063 1383 1212 1470 diligens,
1258 1379 1502 1462 ”nihilominus

453 1489 471 1516 “
494 1481 572 1568 quia
597 1482 703 1548 filium
732 1482 835 1548 habet
856 1482 896 1548 in
917 1482 1082 1550 haeredem
1114 1485 1260 1550 multum
1281 1485 1366 1551 levis
1392 1485 1503 1551 eondi-

454 1591 471 1618 “
494 1584 603 1663 tionis,
627 1590 662 1651 et
691 1584 726 1650 in
750 1607 784 1650 se
818 1585 899 1650 satis
929 1586 1128 1668 instabilem,
1155 1587 1374 1653 delectantem
1399 1588 1502 1675 magis

453 1695 470 1724 “
493 1687 528 1751 in
543 1688 664 1752 avibus
679 1685 790 1752 et-³‘
802 1685 957 1768 Canibus,
972 1689 1009 1754 in
1024 1689 1192 1777 aprioiqne
1207 1689 1353 1775 germine
1376 1691 1501 1776 eampi,'

454 1797 472 1825 ‘¹
495 1810 595 1875 quam
634 1793 695 1854 aut
724 1790 760 1854 in
789 1789 908 1870 verbis,
940 1795 1000 1856 aut
1030 1792 1067 1855 in
1105 1791 1319 1868 sermonibus,
1350 1793 1408 1879 qui
1437 1793 1501 1859 sibi

452 1900 470 1927 “
493 1893 632 1958 suadent
644 1913 789 1978 quaerere
818 1892 940 1957 nedum
970 1913 1037 1972 sua,
1070 1891 1196 1958 *immo
1226 1895 1336 1972 etiam,
1367 1894 1501 1961 reddam

452 2001 469 2030 “
492 1994 550 2060 illa
572 2016 646 2079 quae
668 1999 747 2060 sunt
769 1993 870 2058 Ihesu
895 1993 1029 2077 Christi,
1045 1995 1224 2084 expediens
1247 2007 1298 2061 est
1320 1996 1498 2082 plurimum

453 2105 469 2132 “
491 2097 661 2162 formicam
691 2096 786 2162 nobis
815 2097 852 2162 in
884 2097 1050 2184 speculum
1065 2103 1220 2177 statuere,
1245 2098 1389 2184 dumque
1412 2099 1500 2165 ealor

453 2208 469 2235 “
492 2205 550 2278 est,
580 2205 619 2264 ut
646 2199 796 2287 superius
825 2199 979 2282 diximus,
1009 2206 1043 2266 et
1072 2199 1238 2292 {pulchra
1267 2201 1348 2282 dies,
1386 2207 1499 2267 eontra

452 2309 469 2338 “
490 2300 613 2388 frigora
634 2299 823 2387 ⁰hyemalia
844 2323 888 2368 ex
909 2301 1075 2368 industria
1103 2302 1299 2388 providere;
1322 2303 1498 2388 expediens

450 2410 469 2440 “
491 2411 542 2470 est
573 2405 697 2490 utique,
720 2403 802 2470 dum
833 2425 997 2490 possessor
1018 2403 1108 2468 illius
1138 2403 1327 2489 hujusmodi
1350 2410 1400 2471 est
1423 2427 1497 2472 eon-

449 2513 468 2544 “
492 2507 635 2588 ditionis,
659 2512 697 2573 ut
721 2507 793 2592 jam
816 2507 949 2589 dieitur,
976 2507 1135 2585 dominus,
1167 2506 1356 2593 hujusmodi
1384 2506 1497 2575 futrua

450 2615 467 2644 “
490 2609 643 2696 pericula,
673 2610 743 2675 sive
773 2608 953 2696 dispendia,
983 2629 1192 2697 praecernere,
1215 2614 1249 2674 et
1280 2610 1321 2674 de
1351 2611 1495 2676 remedio

450 2721 467 2746 “
490 2735 642 2801 congruo,
665 2711 941 2799 quemadmodum
971 2713 1041 2799 ipse
1072 2711 1235 2793 dominns,
1265 2719 1401 2799 propter
1422 2736 1496 2778 eau-

449 2823 466 2852 “
488 2839 557 2882 sam
581 2815 792 2903 praemissam,
808 2813 1020 2901 praeaffeetat,
1036 2813 1169 2901 politice
1191 2812 1371 2900 providere.
1403 2815 1496 2882 Siout

447 2929 465 2955 “
487 2920 576 2985 enim
605 2939 747 3006 granum
771 2916 941 2982 interdum
971 2917 1150 3003 degenerat
1179 2915 1217 2979 in
1239 2913 1388 2994 ⁷lolium,
1411 2918 1493 2984 vitis

447 3029 465 3058 “
487 3044 567 3088 vero
598 3023 634 3086 in
664 3020 860 3099 labruscam,
884 3019 931 3083 sie
962 3019 1061 3084 etiam
1093 3017 1292 3104 aliquotiens
1321 3017 1411 3084 filins
1439 3020 1495 3085 de-

447 3125 646 3212 “patrissat
676 3147 697 3190 a
727 3129 834 3212 patre,
866 3145 904 3188 ae
935 3123 1035 3188 etiam
1065 3143 1086 3186 a
1121 3121 1309 3188 conditione
1345 3123 1494 3189 omnium

445 3236 464 3263 ‘¹
486 3229 733 3317 progenitorum
765 3246 908 3292 suorum.
954 3224 1070 3290 Habet
1101 3223 1189 3290 enim
1219 3245 1253 3290 se
1278 3224 1414 3310 juvenis
1442 3225 1492 3290 in·

446 3339 462 3364 “
485 3332 616 3396 terdum
638 3329 771 3394 noviter
801 3326 979 3392 deveniens
1008 3327 1051 3392 ad
1080 3325 1316 3404 haereditatem,
1338 3327 1493 3412 quemad·

446 3439 463 3466 “
486 3431 620 3496 modum
642 3431 766 3516 absque
788 3429 1009 3516 gubernatore
1024 3428 1124 3494 habet
1139 3451 1173 3493 se
1188 3429 1283 3495 navis
1297 3429 1333 3494 in
1348 3451 1494 3515 aequore3

445 3542 462 3568 “
484 3533 625 3598 fluctuat
672 3538 707 3598 et
745 3531 885 3596 cursitat
923 3531 996 3611 hue,
1041 3531 1128 3608 illue,
1165 3531 1261 3612 istuc,
1300 3553 1492 3618 quoeunque

445 3641 609 3700 “ventus
639 3633 866 3700 sensualitatis
890 3633 965 3699 vult
994 3655 1069 3700 eum
1092 3633 1271 3720 propellere
1283 3658 1291 3714 ;
1320 3655 1381 3700 nee
1410 3636 1492 3702 solet

444 3745 463 3773 “
484 3739 575 3825 prius
597 3737 637 3802 ad
655 3742 788 3825 portum
811 3735 999 3822 tranquilla
1022 3735 1175 3801 stationis
1196 3735 1376 3822 pervenire,
1393 3759 1490 3823 quam

442 3847 459 3876 “
482 3846 660 3928 tempestas
690 3838 904 3906 tumultuosae
944 3837 1094 3904 levitatis
1123 3839 1307 3918 cessaverit,
1338 3859 1492 3926 superve-

442 3949 459 3978 “
481 3943 632 4029 neritque
653 3942 713 4007 illa
735 3941 844 4007 aetatis
866 3938 1044 4006 maturitas
1066 3961 1141 4027 quae
1163 3939 1352 4024 hujusmodi
1380 3941 1490 4006 ventis

442 4051 516 4111 “et
545 4044 683 4110 flatibus
711 4044 870 4131 imperare
900 4042 1004 4109 novit.
1048 4040 1138 4106 Dum
1169 4042 1258 4106 enim
1284 4047 1366 4108 aetas
1389 4042 1489 4129 viget,

442 4157 458 4184 “
482 4148 561 4213 dum
600 4147 687 4212 calor
726 4147 893 4223 inaestuat,
930 4144 1074 4231 dumque
1116 4143 1270 4211 debilitas
1308 4145 1489 4232 ignoratur,

442 4257 459 4285 “
482 4250 672 4336 frequenter
700 4247 794 4314 abest
820 4247 915 4326 ratio,
938 4243 1063 4312 ⁸hebet
1085 4245 1247 4328 diseretio,
1270 4251 1305 4312 et
1334 4247 1489 4313 voluntas

473 4490 482 4524 ¹
493 4489 586 4558 neptus
596 4488 622 4539 in
632 4487 689 4540 MS.
1016 4487 1026 4520 ⁵
1034 4486 1125 4553 pulcra
1136 4487 1164 4537 in
1175 4486 1232 4538 MS.

472 4563 765 4620 mandassemus.
1016 4565 1246 4632 ‘modainlld

472 4649 603 4710 ⁸Hornoe,
621 4647 664 4697 De
681 4647 744 4697 Arte
762 4645 841 4707 Post,
852 4645 869 4697 l.
883 4650 939 4707 lon,
1017 4643 1127 4695 ⁷lollium
1139 4645 1164 4694 in
1175 4645 1231 4698 MS.

439 4728 543 4795 slightly
553 4727 655 4856 alteresd.
1018 4721 1093 4774 ⁸etet
1103 4725 1129 4773 in
1140 4725 1195 4776 MS.

473 4809 484 4840 ⁴
490 4823 543 4872 pmo
553 4807 579 4856 in
591 4807 620 4856 M
641 4844 647 4855 .
