3668 5842
461 888 526 952 312
795 899 993 950 unorsrnun
1015 899 1172 949 0000000

297 1109 449 1160 001458,
507 1085 627 1166 Abbas,
651 1086 723 1152 viso
752 1087 915 1174 opusculo,
939 1091 973 1151 et
1002 1083 1154 1173 perlecto,
1177 1086 1330 1174 prorupit
1359 1086 1512 1173 protinus

293 1189 348 1239 The
364 1188 452 1238 Abb0l
463 1189 499 1254 in
527 1210 651 1269 vocem,
681 1187 1042 1255 dicens2—“Gaudens
1071 1187 1259 1275 congaudeo
1290 1189 1326 1252 in
1357 1187 1510 1266 Domino,

293 1269 445 1386 Qffi.
463 1299 482 1328 “
504 1291 721 1377 exultansque
751 1291 865 1357 exulto
894 1291 930 1355 in
953 1291 1026 1357 Deo
1056 1312 1137 1371 meo,
1160 1292 1240 1377 quia
1268 1291 1404 1357 lucerna
1427 1292 1512 1378 regi-

292 1388 443 1504 2t0⁸⁸⁸¹¹0ffi
465 1401 481 1429 “
504 1395 602 1459 minis
624 1394 781 1459 carissimi
811 1394 876 1458 mci
906 1393 1070 1471 avunculi,
1094 1392 1248 1460 Ecclesiae
1271 1392 1512 1460 Conventualis

321 1491 327 1504 '
464 1505 480 1532 “
503 1497 544 1562 de
566 1495 777 1580 Tynemutha
807 1495 939 1575 Prioris,
962 1517 1036 1580 quae
1066 1515 1125 1582 per
1155 1495 1378 1581 quadraginta
1409 1515 1513 1560 annos

461 1608 480 1637 ‘⁴
502 1605 536 1665 et
571 1598 711 1686 amplius
750 1599 812 1663 sub
850 1598 959 1663 modio
989 1597 1215 1664 occultationis
1244 1595 1411 1675 ¹delituit,
1441 1618 1510 1674 nec,

462 1709 480 1736 ‘⁴
502 1722 691 1787 quanquam
713 1701 856 1765 multum
872 1701 908 1765 in
931 1721 965 1768 se
979 1700 1080 1764 fuerit
1095 1699 1247 1787 glorioso,
1262 1698 1368 1764 lucem
1392 1699 1511 1764 saeoulo

463 1811 481 1838 “
503 1803 605 1868 ullam
627 1801 770 1881 dederat,
787 1803 859 1888 jam
883 1802 1023 1868 maisin
1046 1801 1250 1888 temporibus
1280 1823 1339 1888 per
1370 1801 1511 1866 fratrem

463 1915 481 1941 “
503 1906 652 1983 solidum,
675 1907 828 1986 sobrium,
851 1909 886 1970 et
908 1904 1101 1984 modestum,
1124 1926 1182 1991 per
1211 1905 1348 1970 fratrom
1379 1904 1511 1990 religio-

464 2015 483 2044 “
505 2031 585 2088 sum,
616 2008 783 2086 devotum,
814 2011 847 2072 et
877 2006 1094 2084 Catholicum,
1117 2028 1175 2094 per
1204 2005 1340 2071 fratrem
1371 2006 1510 2092 egregiae

462 2117 480 2146 “
503 2110 708 2186 litteraturae,
731 2110 766 2173 in
792 2115 927 2194 arteque
957 2108 1120 2174 scribendi
1150 2107 1348 2174 sufficienter
1378 2107 1511 2193 expedi·

464 2221 481 2248 “
503 2218 584 2289 turn,
601 2211 641 2277 de
664 2209 804 2276 lsubtus
834 2210 945 2276 modio
967 2208 1088 2276 ³modo
1112 2209 1251 2288 tollitur,
1274 2209 1510 2296 reponiturque

465 2312 618 2379 “taliter
655 2335 753 2399 super
791 2312 1032 2394 candelabrum,
1073 2312 1159 2398 quod
1192 2311 1346 2378 omnibus
1387 2313 1445 2398 qui
1474 2310 1512 2376 in

463 2423 481 2450 “
504 2415 593 2481 dicta
627 2414 758 2481 ecclesia
791 2416 888 2480 modo
918 2419 1005 2492 sunt,
1036 2436 1093 2479 seu
1122 2413 1182 2478 ⁴in
1204 2419 1372 2501 posterum
1405 2414 1511 2480 futuri

464 2526 481 2552 “
504 2523 610 2594 erunt,
634 2517 746 2582 lumen
761 2518 907 2583 honestae
929 2517 1017 2596 vitae,
1033 2522 1220 2602 sanctaeque
1245 2514 1511 2593 conversationis,

464 2626 480 2652 ‘⁸
502 2618 648 2683 tribuere
677 2617 841 2684 videatur.
898 2617 970 2683 Sibi
1000 2617 1110 2704 igitur,
1133 2639 1192 2703 pro
1222 2617 1284 2682 hac
1314 2617 1512 2702 repositione

464 2727 482 2754 “
503 2719 647 2798 luminis,
677 2720 722 2784 sit
744 2741 832 2784 nunc
862 2723 896 2785 et
928 2741 1063 2805 semper,
1085 2725 1120 2784 et
1152 2717 1211 2783 ⁵in
1244 2724 1452 2805 perpetuum,
1474 2741 1513 2784 ea

464 2830 481 2855 “
503 2821 563 2886 lux
584 2822 740 2900 numinis,
756 2842 830 2907 quae
852 2821 1020 2886 illuminat
1042 2841 1173 2886 omnem
1188 2821 1355 2886 hominem
1377 2821 1512 2886 venien·-

468 2933 484 2959 “
507 2929 575 2990 tem
598 2924 635 2989 in
656 2924 740 2990 hanc
762 2923 882 2988 vellem
903 2923 1056 3009 lugubris
1078 2923 1330 3007 lacrymationis.
1376 2921 1513 2988 Amen.''

293 3044 428 3096 Hermes
513 3027 640 3108 Quibus
672 3048 731 3113 per
763 3025 928 3091 Abbatem
961 3026 1011 3089 ita
1043 3025 1146 3106 dictis,
1179 3025 1324 3112 perrexit
1353 3025 1512 3090 adstatim

294 3111 448 3228 fflrefub'
467 3129 628 3215 posterius
650 3127 692 3192 ad
715 3149 810 3192 suum
832 3127 987 3205 studium,
1010 3125 1248 3212 scedulamque,
1270 3149 1346 3192 curn
1378 3127 1511 3208 calamo,

293 3243 407 3295 toruos
466 3232 531 3296 sibi
552 3252 691 3308 sumens,
713 3229 844 3316 scripsit
866 3227 1022 3294 confratri
1044 3229 1182 3315 praefato
1204 3230 1378 3316 epistolam
1399 3229 1512 3295 lauda·

294 3311 392 3361 ‘mh'
465 3334 592 3411 teriam,
616 3333 685 3398 sive
707 3331 978 3417 regratiatoriam.
1025 3330 1127 3417 Cujus
1150 3335 1247 3396 tenor
1268 3331 1321 3396 hic
1343 3331 1511 3418 subsequi-

295 3473 422 3526 Tenorot
465 3441 529 3512 tur,
552 3434 613 3500 sub
635 3433 699 3498 hiis
721 3433 888 3520 verbis.-¹

295 3543 337 3592 the
348 3541 402 3591 said
510 3543 528 3571 “
551 3535 618 3600 6In
643 3535 776 3601 Christo
799 3535 963 3618 carissime
986 3535 1095 3613 frater,
1119 3535 1292 3613 confrater,
1308 3540 1342 3602 et
1358 3535 1513 3602 consocia.

295 3609 388 3660 Lm*
466 3647 483 3674 “
508 3637 750 3702 —Libellulum
764 3642 831 3702 tuae
846 3636 1003 3724 gratuitae
1018 3636 1267 3722 compilationis,
1280 3637 1320 3702 de
1332 3637 1414 3719 vita,
1425 3659 1512 3718 cura,

467 3747 484 3774 “
505 3744 541 3805 et
555 3739 812 3815 conversatione,
827 3737 987 3804 carissimi
1008 3738 1115 3803 nostri
1131 3739 1297 3816 avunculi,
1312 3740 1366 3804 tui
1383 3739 1511 3819 Prioris,

465 3851 480 3876 “
504 3862 608 3927 nuper
629 3840 725 3906 nobis
747 3841 985 3918 transmissum,
1009 3845 1163 3927 prompta
1191 3863 1293 3906 manu
1322 3841 1511 3927 recepimus,

464 3949 481 3978 “
504 3942 581 4010 laeto
604 3942 697 4009 oculo
722 3942 957 4028 perspeximus,
982 3946 1026 4016 et,
1048 3947 1123 4028 post
1153 3943 1420 4028 perspectionem,
1447 3965 1512 4008 000

465 4053 481 4078 “
504 4045 613 4110 minus
636 4045 790 4108 affectum
815 4043 926 4120 animi,
942 4064 1043 4128 quam
1067 4043 1222 4109 effectum
1244 4045 1370 4124 calami,
1385 4044 1422 4110 in
1444 4045 1512 4110 tuis

464 4156 480 4182 ‘¹
503 4145 671 4213 laboribus
693 4145 914 4211 laudabamus.
960 4145 1192 4211 Laudabamus
1219 4147 1334 4231 utique
1357 4145 1512 4213 affectum

464 4256 481 4284 “
505 4249 555 4314 tui
578 4248 691 4325 animi,
714 4247 793 4332 quia
814 4268 872 4333 per
894 4247 1002 4334 ipsum
1033 4246 1176 4313 dabatur
1202 4248 1299 4313 nobis
1321 4248 1432 4335 palam
1461 4249 1512 4313 in-

498 4549 505 4579 ¹
518 4545 609 4598 dilituit
619 4547 646 4597 in
656 4547 713 4598 Ms.
1045 4546 1055 4577 ⁴
1068 4547 1218 4612 imposterum
1229 4547 1255 4598 in
1266 4549 1323 4600 MS.

500 4625 511 4659 ²
522 4627 552 4678 In
564 4627 668 4677 allusion
679 4635 706 4678 to
714 4625 792 4676 Mate.
803 4641 828 4676 v.
842 4631 880 4677 15.
1045 4625 1056 4656 ⁶
1067 4627 1237 4692 imperpetuum
1247 4625 1272 4677 in
1284 4627 1340 4678 MS.

498 4705 508 4737 ³
520 4705 582 4756 This
598 4707 668 4756 word
689 4707 835 4771 apparently
851 4707 896 4758 has
918 4721 962 4757 ex·
1045 4703 1121 4756 ⁸'I'he
1131 4706 1186 4757 first
1197 4707 1268 4758 letter
1279 4705 1302 4755 is
1312 4705 1415 4758 eminet
1425 4727 1432 4768 ς
1443 4713 1470 4758 to
1480 4709 1512 4758 be

462 4791 586 4850 punctory
598 4783 682 4836 marks
693 4786 800 4836 benecth
811 4785 839 4836 it.
1012 4783 1346 4852 suppliedinillumination.
