3588 5838
460 861 503 926 66
789 873 986 922 unumuuuu
1007 873 1166 922 nannum

288 1067 476 1131 nn.14⁵1.“
498 1061 681 1148 quamlibet
703 1061 951 1140 comessionem,
974 1061 1015 1127 de
1044 1059 1247 1128 conoessicne
1276 1058 1416 1146 ulicujus
1444 1059 1500 1126 de·

458 1169 476 1202 ‘⁴
498 1165 598 1246 cimoe,
613 1171 673 1231 aut
687 1164 874 1231 medietatis
888 1163 1031 1242 deuimae,
1046 1163 1136 1230 dicto
1150 1161 1295 1230 Domino
1305 1162 1389 1250 Regi
1403 1183 1500 1240 nuuc,

457 1275 475 1305 “
496 1275 556 1334 aut
588 1267 687 1334 alicui
718 1268 887 1336 haeredum
917 1287 1058 1346 suorum,
1081 1288 1139 1354 per
1160 1264 1298 1332 Olenum
1327 1265 1421 1354 regni
1450 1265 1502 1331 sui

457 1376 475 1406 “
497 1371 629 1459 Angliae
667 1373 790 1438 extumo
826 1370 970 1438 fiendum
1007 1391 1066 1436 seu
1102 1369 1350 1447 ccnoedeudam,
1393 1371 1502 1434 essent

458 1477 475 1509 “
498 1474 602 1559 quieti
624 1479 659 1540 ct
681 1473 850 1540 exonerati
873 1495 951 1561 erga
971 1473 1080 1559 ipsum
1103 1471 1284 1539 Dominum
1307 1472 1439 1558 Regem,
1466 1475 1501 1536 et

456 1581 473 1610 “
494 1575 641 1643 haeredes
663 1598 747 1659 suos,
769 1575 811 1642 de
834 1575 958 1664 viginti
980 1574 1075 1641 libris
1097 1575 1139 1641 de
1161 1573 1351 1661 hujusmodi
1364 1573 1500 1653 decima,

456 1684 475 1714 “
497 1687 533 1746 st
555 1680 596 1746 de
618 1679 730 1747 decem
752 1679 846 1745 libuis
867 1679 909 1745 de
924 1678 1103 1744 medietate
1123 1677 1260 1745 decimae
1275 1677 1321 1744 sic
1334 1681 1501 1754 conces-m,
1564 1739 1569 1747 .

458 1789 475 1820 “
498 1804 558 1870 per
589 1783 678 1870 ipsos
715 1782 881 1848 Abbatem
907 1785 943 1848 et
964 1781 1182 1859 conventum,
1205 1781 1275 1846 sive
1308 1797 1503 1846 successores

459 1893 475 1920 “
498 1907 582 1965 suos,
609 1885 710 1972 juxta
742 1885 881 1951 formam
912 1883 1154 1950 concessionum
1174 1881 1306 1948 illarum
1328 1879 1502 1958 solvendis,

459 1994 667 2075 “quousque
698 1987 865 2075 praedictis
896 1986 1024 2052 Abbati
1060 1990 1095 2052 et
1132 1984 1322 2052 Ocuveutui
1358 1983 1504 2050 solutum

459 2089 583 2156 “foret
619 2091 660 2157 de
693 2113 822 2158 summa
852 2093 1082 2156 sexcentarum
1115 2088 1275 2154 librarum
1307 2109 1366 2176 per
1394 2087 1503 2174 ipsum

458 2201 477 2230 “
500 2191 680 2259 Dominum
694 2193 819 2281 Regem
840 2192 962 2259 eisdem
983 2191 1109 2258 Abbati
1129 2197 1165 2258 et
1179 2191 1366 2258 couventui
1380 2188 1504 2268 debita,

462 2298 480 2328 ‘¹
501 2297 531 2357 et
562 2298 686 2372 cutem
720 2293 818 2358 modo
849 2297 885 2358 et
916 2291 1022 2357 forma
1053 2295 1154 2378 prout
1184 2291 1359 2379 puuedictus
1381 2288 1505 2366 Abbas,

459 2401 477 2430 “
499 2395 649 2482 superius
664 2393 859 2482 placitando,
873 2394 1039 2483 allegavit.
1084 2394 1169 2475 Quas
1191 2392 1302 2460 omnia
1314 2397 1350 2458 et
1364 2389 1504 2478 singula,

461 2501 479 2532 “
501 2503 532 2564 ct
554 2497 699 2565 coetcra.’'

485 2811 608 2882 Petilio
626 2811 772 2919 pcoesalt
795 2809 1020 2931 lbcecvsruo'lt'
1037 2818 1177 2901 propiet
1197 2810 1481 2901 insufficientium

861 2937 1101 3004 respccwwwcs.

292 3089 387 3156 Pmyer
443 3095 446 3104 ’
507 3091 524 3120 “
546 3081 616 3150 1111
648 3082 825 3172 praedictus
853 3081 1023 3148 Johanues
1060 3080 1230 3164 secutos,
1266 3104 1335 3150 uon
1371 3103 1505 3172 cognos-

292 3157 437 3287 illm
464 3193 482 3222 “
504 3186 607 3252 condo
636 3186 748 3273 aliqua
776 3207 833 3274 per
864 3185 991 3252 nucum
1020 3183 1197 3270 nomem,
1227 3186 1377 3273 capenas
1405 3185 1505 3274 pluci-

293 3305 327 3340 ⁰¹¹
338 3291 381 3342 1¹¹³
465 3293 483 3323 “
505 3287 616 3370 tundo,
648 3289 791 3375 allegata
827 3287 896 3354 fore
929 3309 1016 3372 vem,
1046 3309 1107 3376 pro
1143 3288 1263 3376 plscito
1300 3287 1382 3354 dicit
1418 3289 1507 3376 quod

293 3357 439 3474 effi
465 3395 482 3423 “
504 3391 643 3456 noem
678 3411 737 3478 per
773 3389 967 3478 predictum
1004 3389 1178 3473 nubem,
1215 3392 1365 3479 supcuus
1405 3392 1508 3479 pus.

293 3487 422 3554 ciencyol
467 3498 484 3526 “
504 3491 608 3558 tundo
629 3490 780 3580 allegato,
802 3507 870 3559 non
892 3497 943 3558 est
964 3491 1126 3560 sufficiens
1148 3494 1186 3558 in
1207 3493 1286 3581 lege.
1329 3493 1384 3560 Ad
1407 3516 1508 3580 quam
1600 3489 1608 3504 ’

293 3554 454 3674 1111111).οἠ
466 3599 484 3628 “
505 3594 594 3660 idem
616 3593 785 3662 Jobannes
815 3596 994 3662 Stourtoue
1023 3617 1082 3683 per
1112 3596 1218 3684 legem
1246 3601 1344 3664 terrae
1373 3619 1506 3685 respou-

466 3701 482 3730 “
505 3697 580 3763 dere
613 3718 681 3763 non
712 3697 818 3777 debet,
851 3702 912 3764 aut
948 3703 1089 3768 tenetur.
1134 3697 1243 3778 Unde,
1280 3721 1340 3788 pro
1376 3698 1508 3766 defectu

464 3805 481 3833 “
502 3797 693 3868 sufficientis
714 3802 935 3889 responsionis
956 3802 994 3868 iu
1016 3802 1077 3870 hnc
1106 3806 1208 3890 pute,
1232 3802 1320 3890 petit
1343 3801 1507 3889 judicium

463 3907 482 3937 “
504 3907 539 3969 et
560 3903 710 3970 debitum
732 3926 829 3971 suum
851 3905 1056 3993 predictum,
1078 3927 1146 3971 una
1167 3926 1242 3970 cum
1264 3901 1416 3972 ²dumnis
1439 3905 1508 3972 suis

462 4013 479 4040 “
502 4007 676 4095 praedictis,
699 4008 763 4075 sibi
784 4010 821 4074 in
842 4008 903 4076 hac
925 4013 1019 4098 purte
1041 4008 1230 4096 adjudicari,
1253 4014 1285 4076 ct
1306 4007 1451 4078 coelwuss'

495 4295 639 4348 ¹Plucilum
667 4298 697 4350 dc
726 4307 829 4366 tenum
857 4298 962 4350 Abbcb's
1006 4299 1123 4363 omitted5
1142 4307 1169 4352 1ο
1180 4302 1211 4350 be
1221 4300 1370 4368 supplicdiu
1383 4301 1507 4358 illuminas

461 4375 585 4448 Joluanis
594 4377 962 4445 Octavi—Superscriptiouto
1005 4379 1068 4430 tion.

461 4456 535 4508 fonce
562 4460 685 4512 seb-uos
727 4459 782 4511 'rte
809 4461 864 4512 first
890 4459 963 4512 letter
1039 4460 1275 4526 'daupeininbffi
