3668 5842
446 883 511 946 320
778 897 975 947 Ruulsrauu
996 896 1153 948 Assem

277 1076 345 1130 M)-
361 1084 431 1132 ¹4⁵³·
447 1094 463 1120 ‘¹
486 1087 621 1151 Domini
645 1087 752 1174 Regis,
767 1091 802 1152 et
825 1107 957 1152 suorum
980 1087 1160 1153 nobilium:
1182 1087 1257 1154 ideo
1278 1087 1316 1153 in
1338 1087 1395 1154 illo
1416 1087 1489 1154 nul-

395 1264 402 1277 ·
446 1193 464 1221 “
486 1187 553 1252 lam
585 1188 689 1254 infero
723 1188 903 1270 scientiam,
927 1189 1006 1275 quia
1036 1211 1096 1256 nec
1128 1211 1231 1254 unum
1262 1189 1383 1256 librum
1418 1211 1490 1276 pos·

447 1298 463 1324 “
485 1290 595 1370 sideo;
625 1290 849 1378 corrigatis,si
871 1291 986 1377 placet,
1015 1291 1237 1378 ignorantiam
1259 1313 1374 1357 meam
1420 1291 1491 1358 Coe-

443 1400 461 1425 “
483 1397 598 1473 terum,
615 1393 765 1471 Domine,
778 1394 947 1471 noveritis,
970 1393 1058 1479 quod
1072 1397 1246 1479 postquam
1267 1414 1327 1480 per
1348 1399 1491 1480 quatuor

443 1501 460 1530 “
483 1516 617 1576 menses,
640 1518 715 1561 cum
737 1495 885 1574 dimidio,
907 1494 1030 1560 fuimus
1060 1495 1096 1560 in
1118 1495 1245 1574 itinere,
1267 1500 1303 1561 et
1321 1496 1361 1560 'in
1382 1517 1490 1582 prose·

442 1604 459 1631 “
481 1597 614 1664 cutione
631 1599 756 1684 jurium
781 1602 967 1664 nostrorum
991 1598 1079 1685 apud
1103 1597 1354 1664 Serenissimum
1374 1599 1488 1664 Domi·

441 1706 562 1764 “num
599 1700 732 1787 Regem,
766 1704 801 1765 ot
834 1699 924 1765 illius
957 1721 1086 1765 sacrum
1125 1699 1316 1780 Concilium,
1354 1702 1488 1767 omnino

441 1807 458 1836 “
481 1801 586 1868 1nihil
607 1800 852 1889 *impetramus
873 1801 1006 1882 'immo
1021 1802 1224 1867 remittimur
1246 1803 1344 1868 valdo
1366 1803 1486 1882 tristes,

440 1910 457 1938 “
479 1905 599 1970 nostris
619 1905 771 1971 maneriis
793 1903 925 1992 privati,
942 1903 1157 1991 pensionibus
1178 1905 1340 1985 alienatis,
1355 1903 1486 1982 ³immo,

441 2015 458 2042 “
481 2007 569 2092 quod
590 2007 684 2093 pejus
710 2011 769 2087 est,
784 2006 931 2072 omnium
954 2011 1142 2071 nostrorum
1165 2005 1404 2084 Conventuum,
1427 2007 1487 2092 qui

441 2113 459 2144 “
480 2114 560 2173 sunt
582 2129 717 2173 numero
740 2108 882 2195 triginta
903 2113 986 2186 octo,
1003 2107 1191 2174 obedientia
1205 2130 1325 2197 ⁸sumus
1347 2109 1485 2197 privati;

442 2219 460 2250 “
482 2232 542 2276 nec
563 2210 741 2276 valuerunt
761 2211 858 2276 nobis
879 2211 1029 2298 legitima
1051 2209 1258 2292 documenta,
1281 2232 1389 2297 neque
1416 2232 1488 2276 ves·

439 2320 458 2348 “
479 2321 607 2378 tratum
637 2311 896 2380 ⁴Chronioarum
919 2312 1129 2394 testimonia,
1157 2319 1192 2378 et
1216 2315 1358 2391 tandem,
1374 2319 1488 2379 nostra

441 2422 459 2448 “
481 2414 635 2481 univorsa
664 2415 815 2501 exposita
837 2436 990 2502 expensa,
1014 2420 1049 2480 et
1071 2415 1208 2500 pecunia
1230 2416 1326 2481 vacui
1348 2416 1487 2480 reverti·

441 2523 459 2551 “
482 2538 564 2594 mur,
587 2517 665 2603 quia
688 2523 784 2596 certe,
807 2517 872 2582 hiis
895 2538 969 2603 quae
989 2517 1189 2583 comedimus
1209 2522 1244 2583 et
1269 2517 1414 2584 bibimus
1436 2539 1487 2584 so·

440 2627 458 2654 “
479 2619 567 2698 lutis,
601 2641 668 2685 non
702 2624 829 2685 restant
862 2619 958 2685 nobis
996 2619 1061 2685 nisi
1094 2621 1240 2706 quinque
1274 2619 1397 2698 “scuta
1428 2641 1487 2707 pro

440 2728 457 2755 “
480 2721 659 2787 recedendo
680 2722 898 2788 adducentes
921 2721 1096 2808 sexaginta
1117 2722 1234 2788 leucas.
1280 2719 1368 2788 ‘sed
1383 2721 1488 2808 quid?

440 2829 458 2856 ‘¹
481 2824 666 2890 Vendsmus
688 2831 811 2906 nostru,
835 2829 868 2889 et
891 2823 1115 2905 transibimus,
1139 2829 1173 2889 et
1196 2825 1286 2890 Deus
1308 2824 1486 2890 ordinabit.

439 2933 456 2962 “
479 2926 556 2991 Alie
569 2932 688 2992 vestrae
712 2926 910 2992 Paternitati
933 2946 998 2991 non
1023 2923 1223 2994 ⁷ooeurrnnt
1244 2925 1394 3004 scribere,
1422 2926 1487 2992 nisi

441 3037 457 3062 “
480 3029 576 3115 quod,
598 3029 685 3095 sicut
707 3050 780 3093 cum
803 3027 924 3094 laetitia
945 3028 1144 3092 intravimus
1161 3028 1327 3114 Angliam,
1343 3029 1390 3094 sio
1412 3050 1487 3094 cum

440 3139 459 3168 “
480 3154 607 3198 summa
622 3131 761 3198 tristitia
771 3130 813 3196 ab
826 3131 940 3196 eadem
954 3130 1141 3195 recedemus
1149 3155 1158 3211 3
1173 3151 1241 3196 uno
1252 3135 1366 3196 temen
1380 3131 1487 3217 primo

440 3240 458 3269 “
480 3234 610 3321 sepulto
632 3247 746 3299 nostro
769 3231 865 3311 socio,
886 3230 1050 3313 videlicet,
1068 3231 1336 3310 Archiadiacono,
1353 3231 1486 3318 juniore

440 3343 457 3370 “
480 3343 674 3402 nostrorum.
720 3334 918 3420 Requiescat
950 3332 987 3397 in
1016 3353 1101 3418 pace.
1132 3333 1249 3400 Amen
1303 3334 1486 3400 Humiliter

442 3443 458 3474 “
482 3437 701 3524 supplicamus
737 3457 798 3524 pro
831 3439 944 3501 nostra
981 3435 1195 3520 omniumque
1231 3434 1339 3502 salute
1372 3437 1487 3523 digne-

441 3545 460 3573 “
483 3538 565 3602 mini
585 3559 684 3615 orare,
701 3545 736 3604 et
758 3539 881 3604 sanctis
899 3537 1104 3603 orationibus
1122 3537 1339 3620 dominorum,
1354 3545 1487 3625 patrum

441 3650 458 3676 “
480 3640 583 3706 vestri
608 3641 713 3706 sancti
729 3639 931 3716 Conventus,
948 3661 1008 3705 nos
1027 3644 1257 3706 reconvertere
1296 3640 1342 3706 Et
1361 3640 1488 3727 siquid

441 3749 460 3777 “
483 3763 525 3808 en
554 3742 674 3808 nostris
704 3742 892 3830 regionibus
921 3741 1029 3829 placet
1050 3741 1220 3828 imperare,
1244 3742 1369 3829 optimo
1391 3743 1488 3808 corde

443 3853 458 3880 “
480 3844 645 3910 faciemus.
690 3845 809 3910 Valeat
839 3848 950 3910 vestra
981 3843 1159 3910 reverenda
1192 3843 1389 3924 Paternitos,
1413 3866 1487 3910 cum

441 3956 459 3982 “
482 3948 636 4014 universo
650 3948 746 4014 vobis
761 3967 859 4034 grege
877 3945 1010 4027 credito,
1026 3951 1066 4012 ut
1081 3946 1212 4032 optatis.
1243 3946 1359 4013 Arnon.
1395 3947 1488 4014 Men·

441 4057 460 4086 “
482 4051 528 4116 sis
548 4049 749 4116 Novembris
772 4049 825 4115 die
848 4047 1118 4114 tertio-decimo.’'

473 4361 605 4412 ¹nr‘rb1'1in
616 4362 672 4412 MS.
988 4361 1004 4388 ‘¹
1022 4359 1139 4422 auam?
1171 4375 1201 4410 or
1233 4359 1311 4411 silver
1337 4361 1440 4425 pennice
1462 4362 1493 4414 oi

472 4439 829 4508 superavimusnsoyner.
989 4438 1076 4503 Henry
1088 4436 1489 4508 vl.,vithtusshie1urorsng·

471 4519 650 4584 3ψιιοὶιιΜὸΙ
990 4517 1049 4567 laud
1060 4517 1219 4568 arthence
1230 4518 1341 4568 thereon.

474 4597 694 4651 ‘Ororr'oarunin
706 4596 763 4649 MS.
1022 4593 1195 4648 “Sarnus

475 4675 945 4742 ‘Hsamesuggeststhattbtsmems
1022 4673 1166 4725 ⁷oocurrinr
1181 4673 1208 4726 in
1224 4674 1299 4738 Ms.;
1315 4676 1488 4732 usumin

444 4761 463 4788 “
479 4759 584 4823 quinque
615 4756 726 4808 morio·
758 4763 884 4822 mertem
912 4753 947 4805 od
985 4753 1097 4820 Brynsr.
