3668 5842
460 874 524 936 280
793 885 990 936 ursmarum
1013 883 1169 934 asebna

291 1073 548 1159 s.D.1rs7.qucd
585 1080 715 1162 cogeret
746 1073 955 1162 quamplures
985 1072 1110 1140 Christi
1143 1073 1255 1139 fideles
1287 1091 1356 1159 prae
1386 1067 1503 1134 timore

459 1182 607 1256 tremere,
630 1179 822 1264 credereque
845 1178 933 1265 quod
955 1179 1063 1258 vellet,
1088 1179 1117 1243 si
1136 1197 1346 1264 nequaquam
1368 1169 1505 1238 celerius

459 1281 713 1347 contradictores
751 1282 936 1368 susciperet,
966 1304 1033 1347 non
1070 1303 1190 1369 paucos
1219 1294 1426 1363 corrumpere
1463 1269 1505 1334 de

459 1383 553 1469 plebe
575 1383 746 1470 simplices,
768 1385 938 1470 facereque
959 1385 997 1450 in
1018 1385 1166 1451 articulis
1189 1382 1268 1449 fidei
1289 1381 1429 1448 flaura

292 1500 346 1552 tte
360 1507 447 1550 auare
506 1485 549 1550 In
578 1491 712 1552 tantum
735 1488 858 1552 etenim
880 1487 918 1551 in
940 1509 1000 1554 suo
1023 1509 1121 1554 sensu
1144 1489 1185 1552 de
1208 1507 1267 1552 sua
1288 1481 1429 1550 scientia
1451 1499 1505 1542 su·

292 1567 408 1686 fflffi
460 1588 632 1676 perbierat,
648 1589 824 1676 taliterque
840 1612 873 1655 se
894 1613 993 1679 supra
1012 1613 1047 1657 se
1061 1592 1098 1656 in
1114 1591 1218 1656 altum
1241 1586 1402 1664 elevabat,
1417 1577 1506 1668 quod

460 1691 548 1758 ultra
579 1693 758 1759 orationem
783 1693 872 1759 illam
895 1694 1083 1775 salvificam,
1114 1715 1213 1780 quam
1242 1693 1366 1757 Ductor
1395 1687 1506 1752 docto·

459 1816 532 1859 rum
565 1795 778 1874 doctissimus,
805 1795 976 1876 Dominus,
1006 1796 1170 1876 videlicet,
1200 1795 1315 1861 Ihesus
1345 1789 1506 1863 Christus,

460 1899 593 1986 proprio
606 1919 666 1963 suo
682 1920 737 1964 ora
752 1900 942 1986 composuit,
966 1900 1077 1966 ederet
1099 1899 1136 1964 in
1157 1920 1217 1964 suo
1239 1895 1369 1985 vulgari
1383 1893 1507 1958 nedum

460 2002 541 2068 alias
567 2007 643 2080 tres,
668 2005 702 2066 et
735 2002 855 2089 populo
887 2003 930 2068 ad
961 2002 1136 2068 dicendum
1163 2001 1358 2088 propalaret,
1388 1995 1507 2082 1quin·

460 2105 561 2170 immo
585 2104 732 2182 ulterius,
755 2105 796 2170 ad
826 2107 895 2170 tria
924 2104 1104 2192 ²Symbola
1133 2105 1293 2181 Ecclesiae,
1316 2101 1359 2168 ad
1388 2098 1508 2185 ”Sym-

461 2207 581 2286 bolum,
614 2207 777 2288 videlicet,
810 2207 1046 2295 Apostolicum‚
1069 2207 1112 2273 ad
1135 2205 1354 2293 ²Symbolum
1387 2200 1507 2268 Niceni

462 2307 610 2386 concilii,
631 2313 666 2373 et
688 2308 731 2374 ad
754 2307 973 2397 ²Symbolum
995 2311 1122 2375 editum
1145 2313 1375 2395 personatum
1398 2305 1506 2370 virum

463 2411 689 2489 Athanasium,
713 2412 946 2499 superadderet
976 2414 1012 2477 in
1039 2414 1167 2500 vulgari
1198 2413 1299 2476 etiarn
1323 2432 1382 2476 suo
1412 2429 1508 2493 quar-

461 2521 553 2595 tum;
575 2515 611 2579 in
633 2537 708 2601 quo,
723 2537 792 2580 una
813 2537 887 2581 cum
909 2515 1048 2582 articulo
1072 2517 1111 2581 de
1135 2516 1302 2582 Descensu
1318 2513 1441 2580 Christi
1464 2512 1507 2577 ad

462 2617 595 2695 Inferos,
626 2617 771 2704 seposuit
808 2619 889 2684 alios
928 2619 1045 2698 varios,
1082 2619 1175 2705 quasi
1213 2639 1273 2683 nec
1310 2616 1409 2681 fidem
1448 2637 1508 2680 nec

462 2719 663 2785 credentiam
686 2719 789 2784 ullam
812 2720 948 2787 haberet
970 2723 1005 2786 in
1028 2721 1103 2788 illis.

293 2835 403 2888 Turde·
508 2821 636 2903 Quibus
661 2822 696 2887 in
726 2823 848 2909 populo
878 2823 1069 2910 divulgatis,
1100 2829 1133 2888 et
1164 2822 1207 2888 ad
1238 2844 1331 2887 aures
1361 2820 1507 2886 virorum

293 2902 591 3021 {ffidgffiillcrum
623 2925 883 3004 devenientibus,
913 2927 970 3011 qui
1000 2925 1133 2992 luerunt
1162 2925 1311 2991 fortiores
1340 2923 1419 2989 fidei
1448 2944 1508 3009 pu-

294 3043 421 3114 nopturn
461 3027 551 3116 giles,
582 3028 769 3114 militesque
795 3029 879 3094 aulae
902 3028 1124 3094 ecclesiastica
1155 3028 1353 3108 audaciores,
1384 3032 1508 3092 statue·

293 3103 542 3220 ssffiffrunt
566 3133 680 3218 primo,
704 3135 839 3196 stante
862 3130 935 3209 alia,
959 3153 1066 3197 coram
1091 3131 1192 3196 oculis
1214 3132 1282 3196 suis
1311 3129 1394 3195 illud
1422 3127 1509 3214 quod

293 3244 328 3286 to.
463 3233 619 3299 scribitur
640 3233 675 3298 in
708 3233 849 3314 Oenone,
873 3233 1081 3320 Octogesima
1104 3233 1205 3297 tertia
1233 3232 1509 3308 Distinotione,—

464 3341 482 3369 “
506 3335 613 3415 Error,
636 3336 689 3401 cui
711 3357 779 3400 non
808 3335 983 3417 resistitur,
1012 3335 1220 3422 approbatur,
1251 3335 1510 3423 opprimiturque

463 3447 479 3471 “
501 3437 609 3501 virtus
631 3460 706 3523 quae
729 3436 918 3503 nullatenus
945 3435 1161 3504 defensatur.’'
1206 3437 1334 3504 Deinde
1358 3435 1510 3513 seeundo,

463 3537 498 3604 id
522 3539 610 3624 quod
633 3540 748 3605 scribit
770 3537 1028 3626 ³Hiercnymus,
1042 3540 1079 3604 in
1101 3540 1186 3606 libro
1208 3542 1249 3606 de
1271 3539 1510 3629 *Expositione

464 3641 643 3708 Catholicae
659 3642 828 3720 Fidei,-“
843 3641 967 3709 “Arius
981 3643 1018 3708 in
1039 3643 1240 3709 Alexandria
1263 3643 1390 3709 modica
1406 3643 1510 3729 primo

463 3754 480 3779 ‘¹
502 3744 669 3810 6scintilla
694 3745 812 3824 fuerat,
827 3745 883 3812 sed
899 3745 977 3832 quia
999 3768 1066 3812 non
1088 3747 1202 3811 statim
1225 3751 1401 3826 extinctus,
1416 3745 1511 3812 brevi

465 3857 484 3882 “
504 3869 655 3934 processu
686 3849 851 3934 temporis,
882 3855 989 3914 totum
1024 3871 1108 3935 pene
1142 3849 1253 3916 orbem
1287 3849 1412 3915 facibus
1442 3872 1510 3916 suae

464 3957 481 3984 “
504 3950 615 4036 impiae
638 3950 887 4016 doctrinationis
910 3951 1165 4017 inflammabat.’'
1209 3951 1337 4018 Deinde
1355 3973 1433 4019 vero
1449 3961 1512 4018 ter·

465 4053 522 4132 tic,
550 4052 587 4117 id
611 4054 699 4140 quod
729 4052 870 4119 consulit
901 4053 1042 4120 Ovidius
1064 4055 1100 4118 in
1130 4051 1263 4121 ⁷Primo
1291 4056 1331 4122 de
1354 4055 1512 4122 Remedio

464 4157 603 4234 Amoris,
627 4177 742 4242 parum
765 4178 786 4221 a
808 4154 1024 4242 principio,-

500 4441 735 4509 ¹quinymcinMS.
1046 4443 1264 4497 tantuma.

501 4523 511 4556 ²
524 4521 631 4572 simbola
650 4560 656 4572 .
675 4559 681 4572 .
701 4519 830 4574 statana
841 4523 867 4574 in
877 4524 935 4575 MS.
1049 4523 1059 4562 ⁷
1070 4525 1197 4590 Probably
1226 4527 1266 4577 scr
1290 4531 1306 4557 ‘⁶
1317 4525 1423 4590 aiom?
1445 4529 1514 4582 there

501 4601 767 4654 almannus.
1014 4605 1090 4672 being
1106 4609 1207 4674 botone
1217 4610 1318 4676 Book„
1332 4610 1410 4662 Lines
1422 4616 1463 4673 sl,
1475 4617 1515 4673 88,

502 4682 512 4713 ⁴
524 4681 668 4731 Exoritiune
679 4680 705 4730 in
717 4681 772 4733 MS.
1015 4689 1055 4746 84,
1068 4691 1109 4748 91,
1121 4693 1162 4748 92,
1174 4693 1214 4750 98,
1226 4705 1268 4740 sre
1280 4689 1339 4740 bere
1350 4693 1450 4756 quoted.

503 4759 721 4813 tensanus.
988 4748 990 4799 ³
