3640 5842
485 891 657 940 sonemus
680 889 964 938 wnmnmsreos
986 889 1161 938 sucurram
1281 873 1345 938 409

346 1077 464 1164 Sioque
486 1079 522 1142 in
545 1076 689 1143 Domino
712 1076 782 1140 Deo
812 1075 960 1154 confisus,
983 1077 1018 1142 in
1048 1078 1183 1164 ipsoque
1204 1075 1346 1142 Domino
1358 1081 1426 1133 ΑΙ).
1441 1087 1511 1133 1⁴61.

301 1183 407 1245 totam
438 1179 592 1245 fiduciam
631 1201 699 1244 suae
737 1176 955 1264 expeditionis
986 1201 1120 1264 ponens,
1152 1200 1220 1245 non
1256 1174 1514 1292 ⁸e⁰u⁸fiiiiiilne

303 1281 409 1366 ipsum
447 1282 629 1348 Dominum
667 1280 887 1345 auxiliantem
925 1279 1052 1360 habuit,
1087 1302 1186 1367 quam
1220 1279 1347 1345 dudum
1359 1307 1457 1370 victory

302 1383 463 1449 habuerat
485 1383 710 1449 1The0d0sius
733 1381 882 1468 Magnus,
905 1382 984 1447 dum
1016 1388 1130 1448 contra
1159 1383 1346 1469 Eugenium
1358 1375 1496 1490 ἓξὲξ

195 1525 197 1530 ·
303 1491 337 1550 et
359 1485 569 1573 Arbogasten
591 1484 715 1550 bellum
747 1485 976 1550 commissurus
1005 1491 1083 1551 erat
1130 1483 1454 1564 Quemadmo-thatof

303 1587 383 1652 dum
414 1588 537 1652 etenim
569 1587 627 1664 illi,
650 1591 785 1673 propter
817 1608 908 1673 spem
942 1591 977 1652 et
1009 1587 1108 1653 fidem
1139 1575 1175 1651 in
1205 1586 1346 1652 Domino
1359 1575 1475 1690 ³⁰⁰3?

302 1689 441 1767 habitos,
464 1689 561 1755 affuit
583 1689 653 1775 ipso
677 1688 849 1766 Dominus,
872 1693 906 1754 et
929 1693 997 1754 tam
1028 1689 1186 1776 grandem
1208 1693 1346 1753 ventum
1359 1655 1515 1785 guriarlvar

303 1791 493 1856 turbineum
519 1790 659 1856 insacia
690 1790 846 1871 hostium,
870 1790 950 1855 dum
980 1799 1167 1880 pugnarent
1189 1790 1345 1866 eominus,
1359 1773 1503 1889 fffiffl

302 1893 418 1958 inflare
439 1892 525 1972 feeit,
550 1897 589 1958 ut
619 1892 850 1972 reverberaret,
874 1898 908 1958 et
930 1898 1158 1980 repercuteret,
1189 1892 1347 1958 omnimo·
1359 1913 1448 1972 gnra

303 1995 379 2060 dam
401 1995 524 2060 nedum
542 1994 787 2080 joculationem,
813 1995 884 2059 sive
907 1995 1163 2082 sagittationem,
1186 2015 1288 2070 suam,
1310 2015 1348 2059 ao

304 2097 512 2176 destrueret3
551 2095 679 2161 'immo
717 2097 828 2174 etiam,
862 2097 975 2162 taliter
1012 2097 1099 2184 ipsos
1137 2095 1350 2162 confunderet

304 2199 410 2279 duces,
433 2203 468 2263 et
501 2197 694 2278 infirmaret,
717 2204 756 2263 ut
788 2220 873 2263 unus
905 2199 1045 2279 illorum,
1079 2199 1210 2275 seilicet,
1244 2198 1349 2262 Arbo-

303 2307 420 2389 gastes‚
449 2300 485 2365 in
515 2299 601 2366 bello
635 2301 772 2378 caderet,
795 2301 878 2366 alter
900 2322 987 2380 vero,
1009 2301 1139 2379 seilicet,
1170 2299 1348 2387 Eugenius,

304 2424 322 2468 e
351 2423 465 2489 eampo
494 2402 634 2487 fugiens,
661 2402 724 2467 sibi
757 2403 820 2490 ipsi
850 2403 1023 2468 interitum
1055 2408 1270 2489 procurarat3
1303 2402 1349 2466 sio

303 2503 464 2580 similiter,
488 2509 522 2568 et
544 2504 639 2589 quasi
661 2525 719 2590 per
749 2504 867 2586 omnia,
891 2511 1025 2591 propter
1045 2505 1198 2569 fiduciam
1222 2506 1259 2568 in
1281 2505 1348 2569 Do-

305 2607 394 2672 mino
426 2607 585 2686 habitam,
617 2607 715 2672 affuit
752 2607 852 2672 etiam
889 2608 958 2694 ipse
991 2607 1161 2686 Dominus,
1192 2607 1349 2693 deditque

303 2709 353 2774 illi
368 2716 483 2774 contra
505 2709 655 2774 inimicos
669 2709 863 2794 potentiam,
880 2731 918 2775 ao
939 2711 1052 2795 itaque
1075 2711 1216 2796 gratiam
1240 2709 1349 2786 talem,

304 2817 344 2876 ut
364 2815 512 2888 ventum,
533 2831 629 2896 quem
652 2811 743 2896 prius
765 2811 802 2874 in
824 2810 905 2876 faeie
927 2810 1062 2876 flantem
1086 2810 1211 2888 habuit,
1224 2811 1348 2875 ⁵statim

305 2919 345 2977 ut
377 2919 582 2999 pugnaturus
612 2915 697 2978 esset
727 2918 842 2977 eontra
880 2912 1015 2990 bostem,
1046 2912 1187 2998 suscepit
1218 2933 1349 2977 versum

304 3014 417 3080 taliter
438 3015 475 3078 in
497 3014 706 3095 eontrarium,
731 3018 770 3078 ut
792 3019 899 3079 totam
921 3015 1073 3080 hostilem
1103 3014 1349 3100 sagittationem
1409 3011 1411 3014 ’

302 3116 495 3196 retardaret,
529 3120 564 3179 et
597 3115 797 3194 retunderet,
827 3123 1042 3203 oausaretque
1064 3119 1104 3180 ut
1126 3115 1263 3192 nullum,
1295 3116 1349 3179 vel

305 3239 453 3304 pauoum,
476 3217 599 3281 faceret
633 3216 697 3281 sibi
735 3222 795 3282 aut
831 3217 900 3283 suis
931 3215 1122 3295 ³damnum,
1155 3217 1349 3282 laesuramve

304 3319 449 3386 inferret.
494 3315 635 3402 “Sioque
659 3324 793 3398 cassata,
814 3318 1016 3397 ⁵annullata
1039 3324 1074 3383 et
1096 3319 1263 3396 frustrata,
1278 3323 1351 3383 tota

305 3420 518 3508 sagittatione
552 3441 619 3498 sua,
652 3421 823 3507 posterius,
856 3443 928 3486 oum
959 3426 1156 3508 perventum
1192 3426 1277 3486 esset
1307 3419 1349 3484 ad

304 3545 430 3588 secures
467 3529 502 3587 et
531 3523 643 3601 asaiae,
675 3523 717 3588 ad
750 3524 833 3588 sioas
867 3530 901 3589 et
935 3523 1111 3602 malleolos,
1144 3523 1188 3589 ad
1221 3523 1349 3609 aliaque

304 3625 524 3690 instrumenta
545 3624 729 3710 grandiora,
752 3626 839 3690 facta
869 3631 941 3691 erat
963 3649 1005 3692 ex
1028 3632 1168 3712 utraque
1190 3631 1293 3712 parte,
1316 3629 1350 3690 et

304 3726 467 3813 praeoipue
489 3747 530 3790 ex
553 3732 646 3810 parte
662 3726 831 3813 Principis,
847 3749 959 3814 pugna
981 3732 1078 3794 atrox
1094 3727 1199 3809 valde,
1216 3725 1349 3803 ²immo,

304 3829 515 3894 atrocissima.

350 3930 437 3995 Nam
465 3930 517 3996 hio
547 3929 660 3994 videre
688 3935 820 4016 poteras
843 3929 1011 3995 AEaoidem
1041 3931 1189 4010 alterum,
1215 3928 1348 4007 Ducem,
1362 3934 1480 4014 paaup-

305 4032 468 4110 videlioet,
497 4029 764 4108 ⁶Northlolobiae,
795 4051 870 4096 oum
907 4031 977 4096 suis
1013 4030 1176 4096 militibus
1205 4030 1349 4110 tendere,
1363 4000 1508 4118 gppflpfppe

305 4134 373 4199 illio
405 4133 574 4200 novellum
598 4135 784 4214 Hectorem,
813 4133 986 4211 Comitem,
1017 4133 1149 4211 seilicet,
1174 4131 1349 4218 Warwyoi,

340 4409 547 4462 ¹Theodoriasin
559 4409 616 4460 MS.
882 4407 1121 4460 ‘anulletuinMD

338 4490 350 4522 2
358 4507 412 4554 ymo
423 4490 451 4538 in
461 4489 518 4540 MS.
882 4485 893 4519 ⁶
904 4487 969 4537 Dux
979 4487 1166 4553 Northsololioe,
1179 4487 1266 4538 Comes
1278 4487 1351 4538 War-

337 4569 348 4601 ³
359 4568 485 4634 dunpnum
496 4567 522 4617 in
534 4567 590 4618 MS.
849 4568 912 4628 reici,
924 4575 947 4616 et
955 4567 1076 4616 Domiaus
1095 4567 1124 4616 de
1135 4565 1352 4631 Fauconbrype.—

338 4649 348 4680 ⁴
366 4648 456 4698 Ventus
483 4648 607 4707 masur,
637 4645 806 4713 proeliantibus
850 4645 975 4710 Marginul
998 4646 1072 4709 Noto,
1093 4648 1128 4710 by
1150 4647 1217 4696 Lord
1240 4646 1350 4698 Williarn

306 4725 570 4791 aurata-Margine
591 4725 667 4788 Note,
684 4727 719 4790 by
738 4727 807 4777 Lord
852 4725 970 4774 Howard.

306 4805 419 4856 William
430 4805 550 4856 Howard.
