3640 5842
467 873 531 938 338
798 885 998 936 nncrsuuuu
1020 885 1177 936 renarra

299 1071 369 1124 Am.
383 1077 454 1163 ΙΨ·
466 1067 670 1146 conveniens,
692 1088 771 1134 mox
792 1069 903 1134 utillo
921 1069 1021 1151 Deus,
1037 1071 1096 1156 qui
1111 1069 1241 1135 habitat
1261 1069 1299 1134 in
1321 1067 1421 1149 coelis,
1436 1067 1510 1133 irri-

299 1152 434 1268 ffiffss
468 1170 559 1236 deret
592 1191 656 1254 eos,
678 1171 812 1258 ipseque
842 1171 1012 1252 Dominus,
1039 1173 1098 1257 qui
1127 1193 1233 1238 moras
1257 1171 1362 1237 trahit
1391 1171 1445 1236 hic
1474 1170 1510 1234 in

299 1286 367 1350 urge
378 1301 457 1351 army,
469 1273 573 1352 terris,
588 1274 689 1340 etiam
715 1275 932 1341 subsannaret
962 1297 1024 1354 eos,
1048 1274 1221 1341 associavit
1243 1275 1308 1340 sibi
1329 1273 1511 1342 sancitum

298 1353 430 1470 &gfff
469 1397 634 1463 magnum,
657 1376 821 1464 grandem,
845 1381 879 1442 et
900 1377 1028 1456 fortem,
1044 1399 1147 1464 usque
1169 1377 1406 1442 adnumerum
1428 1397 1511 1463 pene

468 1480 641 1565 sexaginta
670 1479 819 1558 millium,
850 1503 925 1546 cum
957 1481 1100 1568 ipsisque
1138 1501 1289 1567 campum
1318 1479 1511 1567 ingrediens,

467 1582 622 1668 perrexit,
645 1587 751 1648 erecto
773 1583 903 1661 vexillo,
925 1584 962 1649 in
983 1583 1101 1648 itinere
1124 1582 1167 1648 ad
1190 1581 1426 1670 captivandum
1448 1603 1509 1648 eos.

299 1707 340 1757 He
351 1709 445 1759 arrives
512 1685 655 1750 Veniens
676 1685 793 1772 utique
807 1687 851 1750 ad
873 1684 1043 1752 civitatem
1058 1685 1258 1773 Wygorniae,
1273 1686 1427 1773 pauculas
1449 1685 1511 1750 ibi-

298 1777 542 1892 fflm'deffl
565 1787 686 1854 fecerat
707 1787 858 1867 morulas,
882 1809 979 1855 causa
1005 1787 1143 1854 sanioris
1171 1788 1329 1875 captandi
1353 1785 1510 1864 ¹consilii,

298 1878 454 1959 seinana·
466 1893 501 1954 et
522 1911 581 1976 pro
596 1889 730 1976 aliquali
751 1890 910 1976 pedestris
933 1911 1000 1958 suae
1015 1891 1121 1978 plebis
1142 1889 1384 1958 refocillatione
1429 1888 1509 1953 ²In·

297 1974 438 2105 mnf&
466 1991 564 2056 terim
586 1997 707 2071 autem,
730 1991 809 2058 dum
835 1993 960 2060 ibidem
976 2013 1084 2058 moras
1106 1993 1260 2074 traheret,
1284 1993 1383 2080 coepit
1404 1991 1509 2058 revol-

297 2110 394 2157 asveu
404 2079 437 2159 ιε’
466 2115 542 2160 vere
578 2117 630 2161 res
666 2100 774 2182 gestas
811 2095 930 2174 uanas,
966 2095 1165 2182 annulisque
1193 2096 1308 2176 multu,
1345 2095 1509 2182 praecipue

295 2175 419 2227 namtas.
465 2199 585 2276 umen,
602 2199 690 2263 inter
705 2197 781 2276 alia,
793 2197 877 2264 illud
893 2198 980 2283 quod
995 2199 1176 2265 sententiat
1186 2197 1344 2286 Vegetius
1357 2198 1395 2262 in
1408 2197 1509 2263 Libro

462 2321 522 2366 suo
536 2297 636 2365 3“Ι)ο
651 2300 871 2386 Dogmatibus
884 2301 946 2366 Rei
961 2300 1116 2367 Militaris
1127 2299 1156 2380 ;’'
1163 2301 1334 2386 quomodo,
1349 2299 1509 2376 videlicut,

462 2403 560 2468 docta
581 2403 825 2489 exercitatoque
847 2404 996 2490 paucitas
1027 2404 1110 2470 solet
1131 2403 1322 2490 plerumque
1345 2403 1386 2469 de
1408 2402 1507 2468 inerti

461 2503 666 2590 ⁴inermiquc
688 2505 902 2574 multitudine
924 2506 1063 2588 vincere,
1089 2505 1294 2592 qualiterque
1314 2505 1351 2570 id
1382 2505 1508 2570 dudum

461 2606 585 2671 nedum
629 2607 667 2671 in
702 2607 861 2674 Romanis
897 2608 1028 2696 populis
1066 2614 1234 2674 ostensum
1270 2608 1508 2696 probatumque

461 2707 566 2774 fertur
602 2709 710 2788 fiisse,
745 2709 812 2796 qui,
843 2710 922 2776 licat
958 2711 995 2776 in
1033 2710 1276 2798 comparatione
1313 2711 1356 2776 ad
1393 2717 1508 2799 gentes

461 2810 575 2891 ⁶alias,
598 2812 641 2876 ad
671 2812 791 2892 Gallos,
813 2812 976 2892 videlicet,
1000 2818 1035 2879 et
1060 2813 1167 2892 Afros,
1193 2814 1236 2879 ad
1263 2812 1444 2879 Germanos
1474 2819 1508 2880 et

462 2913 637 3002 Hispanos,
660 2915 703 2980 ad
724 2915 869 3001 aliosque
891 2916 1001 2982 varios
1027 2921 1062 2982 et
1084 2917 1259 3000 pervarias,
1283 2915 1450 3002 pauciores
1471 2917 1507 2980 in

460 3037 597 3083 numero
619 3017 657 3082 in
679 3018 785 3083 multo
806 3017 945 3100 fuerant,
969 3039 1082 3084 omnes
1109 3024 1221 3085 tamen
1243 3019 1331 3106 ipsas
1352 3019 1508 3084 exercitio

462 3141 637 3201 armorum,
666 3142 729 3186 usu
759 3118 898 3199 militia,
928 3118 1166 3207 disciplineque
1199 3126 1390 3202 castrorum,
1423 3122 1507 3186 vice·

461 3227 548 3301 rant,
570 3227 610 3288 ut
631 3221 747 3288 scribit
772 3222 940 3310 Vegetius,
964 3243 1086 3309 suoque
1116 3223 1253 3310 imperio
1279 3223 1505 3310 subjugabant

210 3317 213 3324 ’
293 3328 425 3380 Mentor
463 3321 683 3404 “Quinimmo
713 3325 822 3407 etiam,
852 3325 890 3391 in
919 3325 977 3391 illo
1006 3325 1101 3413 gravi
1134 3325 1317 3412 grandique
1346 3325 1507 3407 conflictu,

293 3396 395 3528 ffiey
463 3447 560 3511 quem
582 3426 745 3492 Dominus
768 3427 883 3494 Comes
906 3429 948 3494 ds
970 3427 1151 3514 Salisbury,
1174 3449 1247 3494 cum
1271 3427 1410 3516 pauculo
1439 3427 1508 3515 ple-

293 3527 514 3606 bythquarlbig
535 3529 710 3615 manipulo,
726 3529 882 3596 adversus
904 3531 1084 3596 Dominum
1106 3531 1148 3596 do
1169 3529 1320 3617 Awdley,
1337 3531 1506 3596 adversus·

292 3595 419 3726 {255²}th
464 3651 527 3715 que
549 3634 656 3696 totam
687 3634 782 3718 quasi
803 3633 959 3698 militiam
981 3632 1209 3699 Comitatunm
1235 3632 1371 3700 Cestriae
1392 3637 1428 3698 et
1448 3632 1506 3698 Sa·

291 3727 379 3778 ¹3¹⁰?ss
463 3732 569 3820 lopbs,
584 3729 792 3820 lnuperrime
813 3735 850 3800 in
865 3735 1048 3802 confinibus
1070 3735 1136 3800 illis
1151 3735 1332 3802 dinoscitur
1345 3735 1505 3815 habuisse,

291 3793 388 3861 tutu).
462 3835 500 3900 in
522 3857 587 3922 quo
609 3835 763 3904 conflictu
783 3837 947 3926 paucitati
968 3838 1150 3905 multitudo
1171 3843 1319 3922 cesserat,
1346 3859 1405 3926 per
1426 3859 1506 3927 psu-

461 3959 578 4025 ccsqus
607 3945 814 4028 pugnatores,
845 3941 901 4008 sed
933 3941 1054 4022 doctos,
1084 3941 1142 4007 sed
1179 3946 1329 4007 strenuos
1359 3946 1395 4007 et
1424 3940 1506 4006 bene

459 4042 664 4122 exercitatos,
685 4065 743 4130 per
764 4064 945 4122 numerum,
967 4043 1128 4124 videlicet,
1151 4044 1210 4108 vix
1232 4044 1335 4108 trium
1357 4043 1506 4120 millium,

457 4143 639 4211 multitudo
661 4167 744 4232 pene
759 4146 870 4212 decem
892 4145 1034 4210 millium
1055 4144 1154 4224 victa,
1177 4146 1317 4224 devicte,
1331 4167 1370 4212 ac
1394 4145 1507 4232 fugata

457 4251 529 4312 eret
566 4245 672 4314 ‚Istud
694 4247 811 4314 melius
825 4247 990 4314 Dominus
1005 4249 1079 4313 Rex
1093 4247 1131 4311 in
1145 4253 1257 4313 mente
1279 4268 1506 4326 rememorans,

457 4369 524 4413 nna
553 4369 629 4416 cum
662 4349 727 4416 isto
757 4349 846 4416 dicto
870 4350 1075 4434 Senecae,-·-“
1088 4349 1166 4416 Non
1198 4365 1411 4438 personarum
1442 4371 1505 4414 nu·

489 4571 709 4627 ¹coucilr'iinMS.
1038 4573 1160 4625 ‘oliosin
1170 4573 1226 4626 MS.

486 4647 698 4702 ²1crtminms.
1039 4653 1287 4717 ⁶Qur'uymoinll8.

485 4726 569 4792 ⁸Crp.
580 4728 598 4778 i.
1039 4731 1289 4798 tnapertmeintls.

485 4805 690 4872 ⁴iuleruu'quein
702 4808 762 4862 MS.
