<?xml version="1.0" encoding="UTF-8"?>
<!DOCTYPE html PUBLIC "-//W3C//DTD XHTML 1.0 Transitional//EN"
    "http://www.w3.org/TR/xhtml1/DTD/xhtml1-transitional.dtd">
<html xmlns="http://www.w3.org/1999/xhtml" xml:lang="en" lang="en">
 <head>
  <title>
</title>
<meta http-equiv="Content-Type" content="text/html;charset=utf-8" />
  <meta name='ocr-system' content='tesseract 3.04.00' />
  <meta name='ocr-capabilities' content='ocr_page ocr_carea ocr_par ocr_line ocrx_word'/>
</head>
<body>
  <div class='ocr_page' id='page_1' title='image "./registraquorund00wallgoog_0155.png"; bbox 0 0 3588 5838; ppageno 0'>
   <div class='ocr_carea' id='block_1_1' title="bbox 485 899 1349 968">
    <p class='ocr_par' dir='ltr' id='par_1_1' title="bbox 485 899 1349 968">
     <span class='ocr_line' id='line_1_1' title="bbox 485 899 1349 968; baseline 0.008 -8"><span class='ocrx_word' id='word_1_1' title='bbox 485 910 659 961; x_wconf 75' lang='lat' dir='ltr'>Jonuunrs</span> <span class='ocrx_word' id='word_1_2' title='bbox 680 911 964 962; x_wconf 73' lang='lat' dir='ltr'>numniusrunu</span> <span class='ocrx_word' id='word_1_3' title='bbox 986 913 1162 964; x_wconf 77' lang='lat' dir='ltr'>snouunn</span> <span class='ocrx_word' id='word_1_4' title='bbox 1305 899 1349 968; x_wconf 80' lang='grc'>97</span> 
     </span>
    </p>
   </div>
   <div class='ocr_carea' id='block_1_2' title="bbox 293 1091 1512 2414">
    <p class='ocr_par' dir='ltr' id='par_1_2' title="bbox 294 1091 1512 2004">
     <span class='ocr_line' id='line_1_2' title="bbox 295 1091 1508 1186; baseline 0 -27"><span class='ocrx_word' id='word_1_5' title='bbox 295 1091 412 1174; x_wconf 87' lang='lat' dir='ltr'>fuerat,</span> <span class='ocrx_word' id='word_1_6' title='bbox 444 1096 687 1184; x_wconf 73' lang='lat' dir='ltr'>perhendinare.</span> <span class='ocrx_word' id='word_1_7' title='bbox 734 1097 1066 1164; x_wconf 80' lang='lat' dir='ltr'>Communieantibus</span> <span class='ocrx_word' id='word_1_8' title='bbox 1099 1095 1235 1162; x_wconf 81' lang='lat' dir='ltr'><strong>interim</strong></span> <span class='ocrx_word' id='word_1_9' title='bbox 1266 1097 1346 1186; x_wconf 88' lang='lat' dir='ltr'>ipsis</span> <span class='ocrx_word' id='word_1_10' title='bbox 1358 1105 1426 1158; x_wconf 70' lang='lat' dir='ltr'>an.</span> <span class='ocrx_word' id='word_1_11' title='bbox 1436 1111 1508 1160; x_wconf 76' lang='lat'>1453.</span> 
     </span>
     <span class='ocr_line' id='line_1_3' title="bbox 297 1195 1474 1288; baseline 0.003 -26"><span class='ocrx_word' id='word_1_12' title='bbox 297 1195 337 1263; x_wconf 90' lang='lat' dir='ltr'>de</span> <span class='ocrx_word' id='word_1_13' title='bbox 367 1199 782 1287; x_wconf 79' lang='lat' dir='ltr'>variis,etp1mcipuede</span> <span class='ocrx_word' id='word_1_14' title='bbox 814 1199 928 1288; x_wconf 82' lang='lat' dir='ltr'><strong>priscis</strong></span> <span class='ocrx_word' id='word_1_15' title='bbox 951 1200 1163 1288; x_wconf 68' lang='lat' dir='ltr'><strong>temporibus,</strong></span> <span class='ocrx_word' id='word_1_16' title='bbox 1194 1199 1345 1287; x_wconf 90' lang='lat' dir='ltr'>utrisque</span> <span class='ocrx_word' id='word_1_17' title='bbox 1357 1198 1474 1278; x_wconf 59' lang='lat' dir='ltr'>Them-</span> 
     </span>
     <span class='ocr_line' id='line_1_4' title="bbox 295 1273 1506 1396; baseline 0.005 -33"><span class='ocrx_word' id='word_1_18' title='bbox 295 1297 379 1364; x_wconf 67' lang='lat' dir='ltr'>uene</span> <span class='ocrx_word' id='word_1_19' title='bbox 401 1301 499 1380; x_wconf 72' lang='lat' dir='ltr'>nota,</span> <span class='ocrx_word' id='word_1_20' title='bbox 520 1301 710 1369; x_wconf 71' lang='lat' dir='ltr'><strong>introduxit</strong></span> <span class='ocrx_word' id='word_1_21' title='bbox 733 1302 867 1368; x_wconf 66' lang='lat' dir='ltr'>canem</span> <span class='ocrx_word' id='word_1_22' title='bbox 888 1302 1011 1382; x_wconf 65' lang='lat' dir='ltr'>nsua,</span> <span class='ocrx_word' id='word_1_23' title='bbox 1035 1308 1131 1390; x_wconf 71' lang='lat' dir='ltr'>apa</span> <span class='ocrx_word' id='word_1_24' title='bbox 1164 1273 1506 1396; x_wconf 45' lang='lat' dir='ltr'>apporta-{litlot</span> 
     </span>
     <span class='ocr_line' id='line_1_5' title="bbox 296 1399 1444 1493; baseline 0.004 -26"><span class='ocrx_word' id='word_1_25' title='bbox 296 1401 403 1469; x_wconf 88' lang='lat' dir='ltr'>nitate</span> <span class='ocrx_word' id='word_1_26' title='bbox 435 1425 586 1492; x_wconf 82' lang='lat' dir='ltr'>congnra,</span> <span class='ocrx_word' id='word_1_27' title='bbox 620 1405 791 1470; x_wconf 73' lang='lat' dir='ltr'><strong>materiam</strong></span> <span class='ocrx_word' id='word_1_28' title='bbox 831 1405 871 1471; x_wconf 90' lang='lat' dir='ltr'>ds</span> <span class='ocrx_word' id='word_1_29' title='bbox 909 1405 1109 1492; x_wconf 77' lang='lat' dir='ltr'>possessione</span> <span class='ocrx_word' id='word_1_30' title='bbox 1146 1406 1343 1493; x_wconf 83' lang='lat' dir='ltr'>supradicta,</span> <span class='ocrx_word' id='word_1_31' title='bbox 1357 1413 1390 1449; x_wconf 85' lang='lat'>⁰¹¹</span> <span class='ocrx_word' id='word_1_32' title='bbox 1401 1399 1444 1451; x_wconf 50' lang='grc' dir='ltr'>ὼε</span> 
     </span>
     <span class='ocr_line' id='line_1_6' title="bbox 296 1465 1512 1599; baseline 0.005 -31"><span class='ocrx_word' id='word_1_33' title='bbox 296 1523 525 1593; x_wconf 80' lang='lat' dir='ltr'>exponensque</span> <span class='ocrx_word' id='word_1_34' title='bbox 546 1507 582 1572; x_wconf 92' lang='lat' dir='ltr'>iu</span> <span class='ocrx_word' id='word_1_35' title='bbox 606 1506 761 1572; x_wconf 83' lang='lat' dir='ltr'>brevibus</span> <span class='ocrx_word' id='word_1_36' title='bbox 782 1506 920 1572; x_wconf 86' lang='lat' dir='ltr'>titulum</span> <span class='ocrx_word' id='word_1_37' title='bbox 942 1507 994 1572; x_wconf 91' lang='lat' dir='ltr'>sui</span> <span class='ocrx_word' id='word_1_38' title='bbox 1011 1507 1106 1594; x_wconf 86' lang='lat' dir='ltr'>juris,</span> <span class='ocrx_word' id='word_1_39' title='bbox 1126 1513 1197 1574; x_wconf 90' lang='lat' dir='ltr'>tam</span> <span class='ocrx_word' id='word_1_40' title='bbox 1220 1507 1342 1574; x_wconf 90' lang='lat' dir='ltr'>blande</span> <span class='ocrx_word' id='word_1_41' title='bbox 1354 1465 1512 1599; x_wconf 43' lang='lat' dir='ltr'>mim</span> 
     </span>
     <span class='ocr_line' id='line_1_7' title="bbox 295 1598 1496 1730; baseline 0.004 -60"><span class='ocrx_word' id='word_1_42' title='bbox 295 1607 508 1695; x_wconf 75' lang='lat' dir='ltr'>maviterque</span> <span class='ocrx_word' id='word_1_43' title='bbox 529 1609 725 1677; x_wconf 67' lang='lat' dir='ltr'>honestavit</span> <span class='ocrx_word' id='word_1_44' title='bbox 747 1631 832 1690; x_wconf 90' lang='lat' dir='ltr'>eum,</span> <span class='ocrx_word' id='word_1_45' title='bbox 846 1615 886 1675; x_wconf 92' lang='lat' dir='ltr'>ut</span> <span class='ocrx_word' id='word_1_46' title='bbox 908 1610 1044 1676; x_wconf 89' lang='lat' dir='ltr'>tandem</span> <span class='ocrx_word' id='word_1_47' title='bbox 1060 1611 1268 1688; x_wconf 88' lang='lat' dir='ltr'>consentiret,</span> <span class='ocrx_word' id='word_1_48' title='bbox 1283 1633 1342 1698; x_wconf 92' lang='lat' dir='ltr'>pro</span> <span class='ocrx_word' id='word_1_49' title='bbox 1354 1598 1496 1730; x_wconf 55' lang='lat' dir='ltr'>ffilt‘gffiss</span> 
     </span>
     <span class='ocr_line' id='line_1_8' title="bbox 295 1711 1461 1800; baseline -0.002 -26"><span class='ocrx_word' id='word_1_50' title='bbox 295 1713 384 1774; x_wconf 90' lang='lat' dir='ltr'>certa</span> <span class='ocrx_word' id='word_1_51' title='bbox 420 1711 575 1797; x_wconf 86' lang='lat' dir='ltr'>pensione</span> <span class='ocrx_word' id='word_1_52' title='bbox 608 1733 727 1790; x_wconf 84' lang='lat' dir='ltr'>annua,</span> <span class='ocrx_word' id='word_1_53' title='bbox 753 1713 990 1800; x_wconf 85' lang='lat' dir='ltr'>possessionem</span> <span class='ocrx_word' id='word_1_54' title='bbox 1024 1733 1117 1778; x_wconf 86' lang='lat' dir='ltr'>suam</span> <span class='ocrx_word' id='word_1_55' title='bbox 1148 1713 1342 1800; x_wconf 88' lang='lat' dir='ltr'>relinquere,</span> <span class='ocrx_word' id='word_1_56' title='bbox 1354 1732 1461 1798; x_wconf 70' lang='lat' dir='ltr'>mung-</span> 
     </span>
     <span class='ocr_line' id='line_1_9' title="bbox 295 1807 1422 1901; baseline 0.004 -26"><span class='ocrx_word' id='word_1_57' title='bbox 295 1811 497 1900; x_wconf 70' lang='lat' dir='ltr'>scribensque</span> <span class='ocrx_word' id='word_1_58' title='bbox 519 1814 764 1896; x_wconf 76' lang='lat' dir='ltr'>relaxationem,</span> <span class='ocrx_word' id='word_1_59' title='bbox 778 1835 817 1880; x_wconf 92' lang='lat' dir='ltr'>ac</span> <span class='ocrx_word' id='word_1_60' title='bbox 831 1815 1023 1901; x_wconf 88' lang='lat' dir='ltr'>permittere</span> <span class='ocrx_word' id='word_1_61' title='bbox 1045 1815 1210 1880; x_wconf 86' lang='lat' dir='ltr'>Abbatem</span> <span class='ocrx_word' id='word_1_62' title='bbox 1232 1815 1268 1880; x_wconf 92' lang='lat' dir='ltr'>in</span> <span class='ocrx_word' id='word_1_63' title='bbox 1285 1815 1343 1900; x_wconf 88' lang='lat' dir='ltr'>jus</span> <span class='ocrx_word' id='word_1_64' title='bbox 1354 1807 1422 1850; x_wconf 70' lang='lat'><strong>¹⁰⁰²·</strong></span> 
     </span>
     <span class='ocr_line' id='line_1_10' title="bbox 294 1915 1342 2004; baseline 0.002 -24"><span class='ocrx_word' id='word_1_65' title='bbox 294 1936 400 1992; x_wconf 88' lang='lat' dir='ltr'>suum,</span> <span class='ocrx_word' id='word_1_66' title='bbox 414 1921 449 1981; x_wconf 88' lang='lat' dir='ltr'>et</span> <span class='ocrx_word' id='word_1_67' title='bbox 465 1915 633 1998; x_wconf 80' lang='lat' dir='ltr'>chmenm,</span> <span class='ocrx_word' id='word_1_68' title='bbox 645 1923 685 1984; x_wconf 94' lang='lat' dir='ltr'>ut</span> <span class='ocrx_word' id='word_1_69' title='bbox 699 1917 822 2003; x_wconf 88' lang='lat' dir='ltr'>injure</span> <span class='ocrx_word' id='word_1_70' title='bbox 837 1939 905 1984; x_wconf 83' lang='lat' dir='ltr'>suae</span> <span class='ocrx_word' id='word_1_71' title='bbox 921 1916 1070 1997; x_wconf 82' lang='lat' dir='ltr'>ecclesiae,</span> <span class='ocrx_word' id='word_1_72' title='bbox 1082 1916 1184 1985; x_wconf 87' lang='lat' dir='ltr'>libere</span> <span class='ocrx_word' id='word_1_73' title='bbox 1194 1917 1342 2004; x_wconf 88' lang='lat' dir='ltr'>pacifice·</span> 
     </span>
    </p>

    <p class='ocr_par' dir='ltr' id='par_1_3' title="bbox 294 2018 1343 2107">
     <span class='ocr_line' id='line_1_11' title="bbox 294 2018 1343 2107; baseline 0.005 -26"><span class='ocrx_word' id='word_1_74' title='bbox 294 2037 358 2102; x_wconf 92' lang='lat' dir='ltr'>que</span> <span class='ocrx_word' id='word_1_75' title='bbox 380 2018 575 2085; x_wconf 78' lang='lat' dir='ltr'>subintrare.</span> <span class='ocrx_word' id='word_1_76' title='bbox 620 2019 739 2107; x_wconf 83' lang='lat' dir='ltr'>Sicque</span> <span class='ocrx_word' id='word_1_77' title='bbox 761 2019 887 2085; x_wconf 85' lang='lat' dir='ltr'>factum</span> <span class='ocrx_word' id='word_1_78' title='bbox 901 2019 1019 2098; x_wconf 87' lang='lat' dir='ltr'>fuerat,</span> <span class='ocrx_word' id='word_1_79' title='bbox 1033 2020 1070 2086; x_wconf 93' lang='lat' dir='ltr'>in</span> <span class='ocrx_word' id='word_1_80' title='bbox 1084 2019 1253 2107; x_wconf 86' lang='lat' dir='ltr'>formaque</span> <span class='ocrx_word' id='word_1_81' title='bbox 1268 2041 1343 2106; x_wconf 84' lang='lat' dir='ltr'>quae</span> 
     </span>
    </p>

    <p class='ocr_par' dir='ltr' id='par_1_4' title="bbox 294 2117 1341 2209">
     <span class='ocr_line' id='line_1_12' title="bbox 294 2117 1341 2209; baseline 0.006 -27"><span class='ocrx_word' id='word_1_82' title='bbox 294 2117 348 2184; x_wconf 94' lang='lat' dir='ltr'>hic</span> <span class='ocrx_word' id='word_1_83' title='bbox 383 2120 601 2207; x_wconf 78' lang='lat' dir='ltr'>subsequitur,</span> <span class='ocrx_word' id='word_1_84' title='bbox 628 2121 670 2188; x_wconf 90' lang='lat' dir='ltr'>de</span> <span class='ocrx_word' id='word_1_85' title='bbox 708 2121 865 2208; x_wconf 84' lang='lat' dir='ltr'>utrisque,</span> <span class='ocrx_word' id='word_1_86' title='bbox 896 2121 937 2188; x_wconf 91' lang='lat' dir='ltr'>de</span> <span class='ocrx_word' id='word_1_87' title='bbox 976 2121 1140 2209; x_wconf 87' lang='lat' dir='ltr'>pensione,</span> <span class='ocrx_word' id='word_1_88' title='bbox 1177 2121 1341 2200; x_wconf 87' lang='lat' dir='ltr'>videlicet,</span> 
     </span>
    </p>

    <p class='ocr_par' dir='ltr' id='par_1_5' title="bbox 294 2222 1343 2312">
     <span class='ocr_line' id='line_1_13' title="bbox 294 2222 1343 2312; baseline 0.005 -27"><span class='ocrx_word' id='word_1_89' title='bbox 294 2241 413 2302; x_wconf 84' lang='lat' dir='ltr'>annua,</span> <span class='ocrx_word' id='word_1_90' title='bbox 427 2227 462 2288; x_wconf 93' lang='lat' dir='ltr'>et</span> <span class='ocrx_word' id='word_1_91' title='bbox 475 2222 680 2290; x_wconf 73' lang='lat' dir='ltr'>relaxatione</span> <span class='ocrx_word' id='word_1_92' title='bbox 695 2224 844 2312; x_wconf 86' lang='lat' dir='ltr'>plenaria</span> <span class='ocrx_word' id='word_1_93' title='bbox 858 2224 1020 2311; x_wconf 88' lang='lat' dir='ltr'>scriptura</span> <span class='ocrx_word' id='word_1_94' title='bbox 1035 2224 1127 2290; x_wconf 88' lang='lat' dir='ltr'>edita</span> <span class='ocrx_word' id='word_1_95' title='bbox 1141 2245 1178 2290; x_wconf 89' lang='lat' dir='ltr'>ac</span> <span class='ocrx_word' id='word_1_96' title='bbox 1197 2223 1343 2311; x_wconf 82' lang='lat' dir='ltr'>sigillata</span> 
     </span>
    </p>

    <p class='ocr_par' dir='ltr' id='par_1_6' title="bbox 293 2326 1342 2414">
     <span class='ocr_line' id='line_1_14' title="bbox 293 2326 1342 2414; baseline 0.004 -26"><span class='ocrx_word' id='word_1_97' title='bbox 293 2335 364 2389; x_wconf 87' lang='lat' dir='ltr'>erat</span> <span class='ocrx_word' id='word_1_98' title='bbox 375 2349 385 2405; x_wconf 82' lang='lat'>3</span> <span class='ocrx_word' id='word_1_99' title='bbox 407 2346 546 2411; x_wconf 89' lang='lat' dir='ltr'>quarum</span> <span class='ocrx_word' id='word_1_100' title='bbox 561 2327 663 2414; x_wconf 88' lang='lat' dir='ltr'>copiae</span> <span class='ocrx_word' id='word_1_101' title='bbox 685 2326 738 2393; x_wconf 91' lang='lat' dir='ltr'>hic</span> <span class='ocrx_word' id='word_1_102' title='bbox 761 2326 1021 2407; x_wconf 88' lang='lat' dir='ltr'>subscribuntur,</span> <span class='ocrx_word' id='word_1_103' title='bbox 1037 2326 1098 2392; x_wconf 90' lang='lat' dir='ltr'>sub</span> <span class='ocrx_word' id='word_1_104' title='bbox 1121 2326 1249 2404; x_wconf 89' lang='lat' dir='ltr'>horum,</span> <span class='ocrx_word' id='word_1_105' title='bbox 1268 2348 1342 2413; x_wconf 85' lang='lat' dir='ltr'>quae</span> 
     </span>
    </p>
   </div>
   <div class='ocr_carea' id='block_1_3' title="bbox 294 2423 858 2512">
    <p class='ocr_par' dir='ltr' id='par_1_7' title="bbox 294 2423 858 2512">
     <span class='ocr_line' id='line_1_15' title="bbox 294 2423 858 2512; baseline 0.005 -20"><span class='ocrx_word' id='word_1_106' title='bbox 294 2423 507 2512; x_wconf 67' lang='lat' dir='ltr'>’sequuntur</span> <span class='ocrx_word' id='word_1_107' title='bbox 530 2429 707 2495; x_wconf 89' lang='lat' dir='ltr'>verborum</span> <span class='ocrx_word' id='word_1_108' title='bbox 730 2429 858 2495; x_wconf 87' lang='lat' dir='ltr'>serie.-</span> 
     </span>
    </p>
   </div>
   <div class='ocr_carea' id='block_1_4' title="bbox 451 2693 1202 2796">
    <p class='ocr_par' dir='ltr' id='par_1_8' title="bbox 451 2693 1202 2796">
     <span class='ocr_line' id='line_1_16' title="bbox 451 2693 1202 2796; baseline 0.001 -23"><span class='ocrx_word' id='word_1_109' title='bbox 451 2707 560 2774; x_wconf 75' lang='lat' dir='ltr'>Teuor</span> <span class='ocrx_word' id='word_1_110' title='bbox 580 2707 779 2775; x_wconf 68' lang='lat' dir='ltr'>indcntmoe</span> <span class='ocrx_word' id='word_1_111' title='bbox 802 2707 843 2774; x_wconf 82' lang='lat' dir='ltr'>dc</span> <span class='ocrx_word' id='word_1_112' title='bbox 865 2729 992 2789; x_wconf 78' lang='lat' dir='ltr'>nocuo</span> <span class='ocrx_word' id='word_1_113' title='bbox 1010 2693 1202 2796; x_wconf 65' lang='lat' dir='ltr'>peticione</span> 
     </span>
    </p>
   </div>
   <div class='ocr_carea' id='block_1_5' title="bbox 290 2869 1508 4494">
    <p class='ocr_par' dir='ltr' id='par_1_9' title="bbox 290 2869 1508 3778">
     <span class='ocr_line' id='line_1_17' title="bbox 338 2869 1500 2958; baseline 0.009 -21"><span class='ocrx_word' id='word_1_114' title='bbox 338 2879 356 2908; x_wconf 91' lang='lat'>“</span> <span class='ocrx_word' id='word_1_115' title='bbox 377 2869 562 2937; x_wconf 77' lang='lat' dir='ltr'>³Omnibus</span> <span class='ocrx_word' id='word_1_116' title='bbox 586 2869 711 2938; x_wconf 79' lang='lat' dir='ltr'>Christi</span> <span class='ocrx_word' id='word_1_117' title='bbox 741 2869 901 2951; x_wconf 87' lang='lat' dir='ltr'>fidelibus,</span> <span class='ocrx_word' id='word_1_118' title='bbox 924 2869 967 2936; x_wconf 89' lang='lat' dir='ltr'>ad</span> <span class='ocrx_word' id='word_1_119' title='bbox 997 2892 1078 2957; x_wconf 86' lang='lat' dir='ltr'>quos</span> <span class='ocrx_word' id='word_1_120' title='bbox 1109 2869 1169 2937; x_wconf 91' lang='lat' dir='ltr'>hoc</span> <span class='ocrx_word' id='word_1_121' title='bbox 1199 2891 1500 2958; x_wconf 69' lang='lat' dir='ltr'>praesensInuenture</span> 
     </span>
     <span class='ocr_line' id='line_1_18' title="bbox 293 2959 1508 3076; baseline -0.002 -37"><span class='ocrx_word' id='word_1_122' title='bbox 293 2980 311 3010; x_wconf 89' lang='lat'><em>“</em></span> <span class='ocrx_word' id='word_1_123' title='bbox 334 2974 491 3060; x_wconf 87' lang='lat' dir='ltr'>scriptum</span> <span class='ocrx_word' id='word_1_124' title='bbox 529 2975 717 3062; x_wconf 87' lang='lat' dir='ltr'>pervenerit</span> <span class='ocrx_word' id='word_1_125' title='bbox 753 2972 975 3050; x_wconf 73' lang='lat' dir='ltr'>intentatum,</span> <span class='ocrx_word' id='word_1_126' title='bbox 1011 2971 1190 3049; x_wconf 74' lang='lat' dir='ltr'>lohannes,</span> <span class='ocrx_word' id='word_1_127' title='bbox 1225 2959 1508 3076; x_wconf 44' lang='lat' dir='ltr'>Abbasffl‘bss·</span> 
     </span>
     <span class='ocr_line' id='line_1_19' title="bbox 292 3042 1496 3164; baseline 0.002 -22"><span class='ocrx_word' id='word_1_128' title='bbox 292 3081 311 3113; x_wconf 84' lang='lat'>“</span> <span class='ocrx_word' id='word_1_129' title='bbox 335 3077 482 3164; x_wconf 90' lang='lat' dir='ltr'>exempti</span> <span class='ocrx_word' id='word_1_130' title='bbox 493 3076 687 3142; x_wconf 86' lang='lat' dir='ltr'>Monasterii</span> <span class='ocrx_word' id='word_1_131' title='bbox 698 3075 814 3142; x_wconf 83' lang='lat' dir='ltr'>Sancti</span> <span class='ocrx_word' id='word_1_132' title='bbox 825 3073 957 3155; x_wconf 83' lang='lat' dir='ltr'>Albani,</span> <span class='ocrx_word' id='word_1_133' title='bbox 967 3079 1002 3140; x_wconf 91' lang='lat' dir='ltr'>et</span> <span class='ocrx_word' id='word_1_134' title='bbox 1017 3073 1163 3161; x_wconf 88' lang='lat' dir='ltr'>ejusdem</span> <span class='ocrx_word' id='word_1_135' title='bbox 1177 3075 1240 3140; x_wconf 90' lang='lat' dir='ltr'>loci</span> <span class='ocrx_word' id='word_1_136' title='bbox 1252 3074 1339 3142; x_wconf 80' lang='lat' dir='ltr'>Gon-</span> <span class='ocrx_word' id='word_1_137' title='bbox 1350 3042 1496 3145; x_wconf 60' lang='lat' dir='ltr'>{affl</span> 
     </span>
     <span class='ocr_line' id='line_1_20' title="bbox 292 3158 1463 3294; baseline -0.001 -50"><span class='ocrx_word' id='word_1_138' title='bbox 292 3185 310 3214; x_wconf 92' lang='lat'>“</span> <span class='ocrx_word' id='word_1_139' title='bbox 333 3177 613 3260; x_wconf 86' lang='lat' dir='ltr'>ventus‚sulutem</span> <span class='ocrx_word' id='word_1_140' title='bbox 628 3180 665 3244; x_wconf 94' lang='lat' dir='ltr'>in</span> <span class='ocrx_word' id='word_1_141' title='bbox 675 3178 817 3244; x_wconf 92' lang='lat' dir='ltr'>Domino</span> <span class='ocrx_word' id='word_1_142' title='bbox 833 3178 1074 3263; x_wconf 84' lang='lat' dir='ltr'>sempiternam.</span> <span class='ocrx_word' id='word_1_143' title='bbox 1112 3177 1253 3243; x_wconf 86' lang='lat' dir='ltr'>Noverit</span> <span class='ocrx_word' id='word_1_144' title='bbox 1264 3177 1338 3243; x_wconf 92' lang='lat' dir='ltr'>uni·</span> <span class='ocrx_word' id='word_1_145' title='bbox 1350 3158 1463 3294; x_wconf 48' lang='lat' dir='ltr'>fflngfl</span> 
     </span>
     <span class='ocr_line' id='line_1_21' title="bbox 292 3281 1507 3362; baseline -0.001 -15"><span class='ocrx_word' id='word_1_146' title='bbox 292 3285 310 3316; x_wconf 79' lang='lat'>‘⁴</span> <span class='ocrx_word' id='word_1_147' title='bbox 332 3283 471 3347; x_wconf 82' lang='lat' dir='ltr'>versitas</span> <span class='ocrx_word' id='word_1_148' title='bbox 480 3285 599 3362; x_wconf 87' lang='lat' dir='ltr'>vestra,</span> <span class='ocrx_word' id='word_1_149' title='bbox 609 3302 677 3359; x_wconf 84' lang='lat' dir='ltr'>nos,</span> <span class='ocrx_word' id='word_1_150' title='bbox 688 3281 839 3346; x_wconf 91' lang='lat' dir='ltr'>unanimi</span> <span class='ocrx_word' id='word_1_151' title='bbox 853 3285 966 3346; x_wconf 88' lang='lat' dir='ltr'>nostro</span> <span class='ocrx_word' id='word_1_152' title='bbox 977 3299 1112 3343; x_wconf 88' lang='lat' dir='ltr'>assensu</span> <span class='ocrx_word' id='word_1_153' title='bbox 1123 3284 1158 3344; x_wconf 93' lang='lat' dir='ltr'>et</span> <span class='ocrx_word' id='word_1_154' title='bbox 1169 3300 1337 3361; x_wconf 86' lang='lat' dir='ltr'>consensu,</span> <span class='ocrx_word' id='word_1_155' title='bbox 1349 3294 1507 3359; x_wconf 70' lang='lat' dir='ltr'>mongon</span> 
     </span>
     <span class='ocr_line' id='line_1_22' title="bbox 293 3357 1496 3479; baseline -0.001 -30"><span class='ocrx_word' id='word_1_156' title='bbox 293 3383 524 3450; x_wconf 85' lang='lat' dir='ltr'>“concessisse</span> <span class='ocrx_word' id='word_1_157' title='bbox 555 3387 590 3448; x_wconf 92' lang='lat' dir='ltr'>et</span> <span class='ocrx_word' id='word_1_158' title='bbox 623 3383 828 3449; x_wconf 85' lang='lat' dir='ltr'>confirmasse</span> <span class='ocrx_word' id='word_1_159' title='bbox 862 3381 983 3447; x_wconf 89' lang='lat' dir='ltr'>dilecto</span> <span class='ocrx_word' id='word_1_160' title='bbox 1006 3380 1100 3446; x_wconf 90' lang='lat' dir='ltr'>nobis</span> <span class='ocrx_word' id='word_1_161' title='bbox 1132 3382 1169 3446; x_wconf 92' lang='lat' dir='ltr'>in</span> <span class='ocrx_word' id='word_1_162' title='bbox 1192 3357 1496 3479; x_wconf 62' lang='lat' dir='ltr'>Chrissltiii‘iffi</span> 
     </span>
     <span class='ocr_line' id='line_1_23' title="bbox 292 3481 1457 3572; baseline -0.008 -21"><span class='ocrx_word' id='word_1_163' title='bbox 292 3495 308 3521; x_wconf 92' lang='lat'>“</span> <span class='ocrx_word' id='word_1_164' title='bbox 331 3485 466 3551; x_wconf 80' lang='lat' dir='ltr'>Thomae</span> <span class='ocrx_word' id='word_1_165' title='bbox 487 3484 699 3572; x_wconf 85' lang='lat' dir='ltr'>Baringtone,</span> <span class='ocrx_word' id='word_1_166' title='bbox 715 3484 757 3550; x_wconf 90' lang='lat' dir='ltr'>de</span> <span class='ocrx_word' id='word_1_167' title='bbox 773 3483 914 3550; x_wconf 86' lang='lat' dir='ltr'>Hatfeld</span> <span class='ocrx_word' id='word_1_168' title='bbox 929 3483 1092 3561; x_wconf 88' lang='lat' dir='ltr'>Brodoke,</span> <span class='ocrx_word' id='word_1_169' title='bbox 1112 3481 1150 3547; x_wconf 92' lang='lat' dir='ltr'>in</span> <span class='ocrx_word' id='word_1_170' title='bbox 1167 3482 1337 3550; x_wconf 79' lang='lat' dir='ltr'>Comitatu</span> <span class='ocrx_word' id='word_1_171' title='bbox 1349 3493 1457 3558; x_wconf 51' lang='lat' dir='ltr'>muna</span> 
     </span>
     <span class='ocr_line' id='line_1_24' title="bbox 290 3566 1504 3677; baseline -0.002 -23"><span class='ocrx_word' id='word_1_172' title='bbox 290 3597 309 3625; x_wconf 83' lang='lat'>‘¹</span> <span class='ocrx_word' id='word_1_173' title='bbox 331 3588 485 3667; x_wconf 79' lang='lat' dir='ltr'>Fssexiae,</span> <span class='ocrx_word' id='word_1_174' title='bbox 508 3587 690 3675; x_wconf 82' lang='lat' dir='ltr'>Armigero,</span> <span class='ocrx_word' id='word_1_175' title='bbox 713 3608 818 3652; x_wconf 90' lang='lat' dir='ltr'>unum</span> <span class='ocrx_word' id='word_1_176' title='bbox 840 3585 1016 3651; x_wconf 90' lang='lat' dir='ltr'>annualem</span> <span class='ocrx_word' id='word_1_177' title='bbox 1045 3585 1213 3652; x_wconf 86' lang='lat' dir='ltr'>redditum</span> <span class='ocrx_word' id='word_1_178' title='bbox 1243 3609 1336 3654; x_wconf 87' lang='lat' dir='ltr'>sexa-</span> <span class='ocrx_word' id='word_1_179' title='bbox 1349 3566 1420 3676; x_wconf 43' lang='grc' dir='ltr'>Ἠ,</span> <span class='ocrx_word' id='word_1_180' title='bbox 1432 3631 1504 3677; x_wconf 62' lang='lat'>1452</span> 
     </span>
     <span class='ocr_line' id='line_1_25' title="bbox 292 3688 1336 3778; baseline -0.001 -22"><span class='ocrx_word' id='word_1_181' title='bbox 292 3697 309 3726; x_wconf 82' lang='lat'>‘⁸</span> <span class='ocrx_word' id='word_1_182' title='bbox 330 3689 425 3778; x_wconf 83' lang='lat' dir='ltr'>ginta</span> <span class='ocrx_word' id='word_1_183' title='bbox 446 3688 633 3768; x_wconf 85' lang='lat' dir='ltr'>solidorum,</span> <span class='ocrx_word' id='word_1_184' title='bbox 656 3694 691 3755; x_wconf 89' lang='lat' dir='ltr'>et</span> <span class='ocrx_word' id='word_1_185' title='bbox 713 3710 815 3754; x_wconf 90' lang='lat' dir='ltr'>unam</span> <span class='ocrx_word' id='word_1_186' title='bbox 837 3693 951 3776; x_wconf 85' lang='lat' dir='ltr'>togam</span> <span class='ocrx_word' id='word_1_187' title='bbox 981 3688 1022 3754; x_wconf 93' lang='lat' dir='ltr'>de</span> <span class='ocrx_word' id='word_1_188' title='bbox 1049 3693 1138 3756; x_wconf 87' lang='lat' dir='ltr'>secte</span> <span class='ocrx_word' id='word_1_189' title='bbox 1165 3711 1336 3777; x_wconf 87' lang='lat' dir='ltr'>generoso-</span> 
     </span>
    </p>

    <p class='ocr_par' dir='ltr' id='par_1_10' title="bbox 290 3790 1337 4494">
     <span class='ocr_line' id='line_1_26' title="bbox 291 3790 1336 3878; baseline -0.001 -20"><span class='ocrx_word' id='word_1_190' title='bbox 291 3801 308 3828; x_wconf 89' lang='lat'><strong>“</strong></span> <span class='ocrx_word' id='word_1_191' title='bbox 330 3815 405 3858; x_wconf 88' lang='lat' dir='ltr'>rum</span> <span class='ocrx_word' id='word_1_192' title='bbox 419 3797 627 3873; x_wconf 83' lang='lat' dir='ltr'>nostrorum3</span> <span class='ocrx_word' id='word_1_193' title='bbox 652 3790 839 3857; x_wconf 88' lang='lat' dir='ltr'>habendum</span> <span class='ocrx_word' id='word_1_194' title='bbox 855 3796 889 3856; x_wconf 88' lang='lat' dir='ltr'>et</span> <span class='ocrx_word' id='word_1_195' title='bbox 904 3792 1148 3878; x_wconf 87' lang='lat' dir='ltr'>percipiendum</span> <span class='ocrx_word' id='word_1_196' title='bbox 1163 3793 1336 3858; x_wconf 86' lang='lat' dir='ltr'>annualem</span> 
     </span>
     <span class='ocr_line' id='line_1_27' title="bbox 291 3893 1336 3981; baseline -0.002 -21"><span class='ocrx_word' id='word_1_197' title='bbox 291 3905 309 3931; x_wconf 92' lang='lat'><strong>“</strong></span> <span class='ocrx_word' id='word_1_198' title='bbox 333 3895 499 3960; x_wconf 87' lang='lat' dir='ltr'>redditum</span> <span class='ocrx_word' id='word_1_199' title='bbox 525 3893 720 3981; x_wconf 73' lang='lat' dir='ltr'>praedictum</span> <span class='ocrx_word' id='word_1_200' title='bbox 750 3893 889 3981; x_wconf 85' lang='lat' dir='ltr'>praefato</span> <span class='ocrx_word' id='word_1_201' title='bbox 919 3893 1055 3961; x_wconf 85' lang='lat' dir='ltr'>Thomas</span> <span class='ocrx_word' id='word_1_202' title='bbox 1085 3895 1129 3960; x_wconf 89' lang='lat' dir='ltr'>ad</span> <span class='ocrx_word' id='word_1_203' title='bbox 1158 3896 1336 3960; x_wconf 91' lang='lat' dir='ltr'>terminum</span> 
     </span>
     <span class='ocr_line' id='line_1_28' title="bbox 291 3996 1337 4084; baseline -0.001 -22"><span class='ocrx_word' id='word_1_204' title='bbox 291 4003 310 4032; x_wconf 89' lang='lat'><strong>“</strong></span> <span class='ocrx_word' id='word_1_205' title='bbox 330 3997 412 4064; x_wconf 85' lang='lat' dir='ltr'>vitae</span> <span class='ocrx_word' id='word_1_206' title='bbox 442 4017 519 4078; x_wconf 81' lang='lat' dir='ltr'>suoe,</span> <span class='ocrx_word' id='word_1_207' title='bbox 550 3997 721 4082; x_wconf 87' lang='lat' dir='ltr'>eidemque</span> <span class='ocrx_word' id='word_1_208' title='bbox 752 3996 894 4080; x_wconf 80' lang='lat' dir='ltr'>Thomae,</span> <span class='ocrx_word' id='word_1_209' title='bbox 918 4019 977 4083; x_wconf 89' lang='lat' dir='ltr'>per</span> <span class='ocrx_word' id='word_1_210' title='bbox 1008 4018 1126 4062; x_wconf 90' lang='lat' dir='ltr'>manns</span> <span class='ocrx_word' id='word_1_211' title='bbox 1148 3997 1337 4084; x_wconf 86' lang='lat' dir='ltr'>Receptoris</span> 
     </span>
     <span class='ocr_line' id='line_1_29' title="bbox 290 4097 1337 4185; baseline -0.002 -19"><span class='ocrx_word' id='word_1_212' title='bbox 290 4107 308 4135; x_wconf 89' lang='lat'><strong><em>“</em></strong></span> <span class='ocrx_word' id='word_1_213' title='bbox 331 4099 477 4167; x_wconf 84' lang='lat' dir='ltr'>Oamerae</span> <span class='ocrx_word' id='word_1_214' title='bbox 498 4098 614 4179; x_wconf 89' lang='lat' dir='ltr'>nostri,</span> <span class='ocrx_word' id='word_1_215' title='bbox 644 4098 774 4185; x_wconf 86' lang='lat' dir='ltr'>praefati</span> <span class='ocrx_word' id='word_1_216' title='bbox 788 4098 941 4177; x_wconf 85' lang='lat' dir='ltr'>Abbatis,</span> <span class='ocrx_word' id='word_1_217' title='bbox 963 4100 1136 4164; x_wconf 89' lang='lat' dir='ltr'>annuatim</span> <span class='ocrx_word' id='word_1_218' title='bbox 1167 4097 1211 4164; x_wconf 90' lang='lat' dir='ltr'>ad</span> <span class='ocrx_word' id='word_1_219' title='bbox 1237 4099 1337 4164; x_wconf 86' lang='lat' dir='ltr'>Festa</span> 
     </span>
     <span class='ocr_line' id='line_1_30' title="bbox 291 4199 1335 4268; baseline -0.004 0"><span class='ocrx_word' id='word_1_220' title='bbox 291 4209 308 4238; x_wconf 85' lang='lat'>“</span> <span class='ocrx_word' id='word_1_221' title='bbox 330 4201 607 4268; x_wconf 81' lang='lat' dir='ltr'>Annunciationis</span> <span class='ocrx_word' id='word_1_222' title='bbox 629 4200 812 4268; x_wconf 88' lang='lat' dir='ltr'>Dominicae</span> <span class='ocrx_word' id='word_1_223' title='bbox 841 4215 876 4266; x_wconf 83' lang='lat' dir='ltr'>et</span> <span class='ocrx_word' id='word_1_224' title='bbox 900 4200 1015 4267; x_wconf 87' lang='lat' dir='ltr'>Sancti</span> <span class='ocrx_word' id='word_1_225' title='bbox 1039 4199 1208 4267; x_wconf 87' lang='lat' dir='ltr'>Michaelis</span> <span class='ocrx_word' id='word_1_226' title='bbox 1229 4201 1335 4265; x_wconf 85' lang='lat' dir='ltr'>Arch-</span> 
     </span>
     <span class='ocr_line' id='line_1_31' title="bbox 290 4302 1336 4393; baseline -0.005 -22"><span class='ocrx_word' id='word_1_227' title='bbox 290 4311 310 4342; x_wconf 81' lang='lat'>“</span> <span class='ocrx_word' id='word_1_228' title='bbox 330 4305 449 4393; x_wconf 83' lang='lat' dir='ltr'>angeli,</span> <span class='ocrx_word' id='word_1_229' title='bbox 482 4305 538 4371; x_wconf 88' lang='lat' dir='ltr'>vel</span> <span class='ocrx_word' id='word_1_230' title='bbox 572 4303 660 4370; x_wconf 86' lang='lat' dir='ltr'>infra</span> <span class='ocrx_word' id='word_1_231' title='bbox 695 4323 841 4368; x_wconf 88' lang='lat' dir='ltr'>mensem</span> <span class='ocrx_word' id='word_1_232' title='bbox 874 4309 949 4390; x_wconf 88' lang='lat' dir='ltr'>post</span> <span class='ocrx_word' id='word_1_233' title='bbox 980 4303 1122 4390; x_wconf 90' lang='lat' dir='ltr'>aliquem</span> <span class='ocrx_word' id='word_1_234' title='bbox 1156 4302 1336 4368; x_wconf 88' lang='lat' dir='ltr'>terminum</span> 
     </span>
     <span class='ocr_line' id='line_1_32' title="bbox 291 4404 1336 4494; baseline -0.003 -22"><span class='ocrx_word' id='word_1_235' title='bbox 291 4414 309 4445; x_wconf 90' lang='lat'><strong><em>“</em></strong></span> <span class='ocrx_word' id='word_1_236' title='bbox 332 4407 504 4474; x_wconf 85' lang='lat' dir='ltr'>Festorum</span> <span class='ocrx_word' id='word_1_237' title='bbox 526 4406 766 4494; x_wconf 76' lang='lat' dir='ltr'>predictorum,</span> <span class='ocrx_word' id='word_1_238' title='bbox 781 4427 841 4493; x_wconf 90' lang='lat' dir='ltr'>per</span> <span class='ocrx_word' id='word_1_239' title='bbox 863 4405 1006 4491; x_wconf 77' lang='lat' dir='ltr'>eequales</span> <span class='ocrx_word' id='word_1_240' title='bbox 1020 4405 1199 4471; x_wconf 84' lang='lat' dir='ltr'>solutiones</span> <span class='ocrx_word' id='word_1_241' title='bbox 1213 4404 1336 4493; x_wconf 88' lang='lat' dir='ltr'>persol-</span> 
     </span>
    </p>
   </div>
   <div class='ocr_carea' id='block_1_6' title="bbox 289 4505 1336 4596">
    <p class='ocr_par' dir='ltr' id='par_1_11' title="bbox 289 4505 1336 4596">
     <span class='ocr_line' id='line_1_33' title="bbox 289 4505 1336 4596; baseline 0 -22"><span class='ocrx_word' id='word_1_242' title='bbox 289 4517 308 4545; x_wconf 89' lang='lat'>“</span> <span class='ocrx_word' id='word_1_243' title='bbox 329 4509 481 4576; x_wconf 82' lang='lat' dir='ltr'>vandum</span> <span class='ocrx_word' id='word_1_244' title='bbox 527 4508 752 4596; x_wconf 86' lang='lat' dir='ltr'>Percipietqne</span> <span class='ocrx_word' id='word_1_245' title='bbox 766 4507 867 4574; x_wconf 84' lang='lat' dir='ltr'>etiarn</span> <span class='ocrx_word' id='word_1_246' title='bbox 889 4508 1063 4572; x_wconf 88' lang='lat' dir='ltr'>annuatim</span> <span class='ocrx_word' id='word_1_247' title='bbox 1078 4505 1166 4573; x_wconf 88' lang='lat' dir='ltr'>idem</span> <span class='ocrx_word' id='word_1_248' title='bbox 1181 4507 1336 4590; x_wconf 83' lang='lat' dir='ltr'>Thomas,</span> 
     </span>
    </p>
   </div>
   <div class='ocr_carea' id='block_1_7' title="bbox 881 4675 1004 4682">
    <p class='ocr_par' dir='ltr' id='par_1_12' title="bbox 881 4675 1004 4682">
     <span class='ocr_line' id='line_1_34' title="bbox 881 4675 1004 4682; baseline -0.008 0"><span class='ocrx_word' id='word_1_249' title='bbox 881 4675 1004 4682; x_wconf 47' lang='grc' dir='ltr'>..ψ-ι...-</span> 
     </span>
    </p>
   </div>
   <div class='ocr_carea' id='block_1_8' title="bbox 322 4769 1338 4907">
    <p class='ocr_par' dir='ltr' id='par_1_13' title="bbox 322 4769 1338 4907">
     <span class='ocr_line' id='line_1_35' title="bbox 322 4769 1338 4907; baseline 0.003 -84"><span class='ocrx_word' id='word_1_250' title='bbox 322 4771 609 4839; x_wconf 60' lang='lat' dir='ltr'>mammenus.</span> <span class='ocrx_word' id='word_1_251' title='bbox 809 4773 815 4907; x_wconf 65' lang='lat' dir='ltr'>p</span> <span class='ocrx_word' id='word_1_252' title='bbox 865 4769 1250 4835; x_wconf 63' lang='lat' dir='ltr'>rrnesmrecnuomroea</span> <span class='ocrx_word' id='word_1_253' title='bbox 1268 4775 1338 4826; x_wconf 69' lang='lat' dir='ltr'>oue</span> 
     </span>
    </p>
   </div>
   <div class='ocr_carea' id='block_1_9' title="bbox 834 4849 1201 4997">
    <p class='ocr_par' dir='ltr' id='par_1_14' title="bbox 834 4849 1201 4997">
     <span class='ocr_line' id='line_1_36' title="bbox 834 4849 1176 4913; baseline 0.009 -12"><span class='ocrx_word' id='word_1_254' title='bbox 834 4849 950 4913; x_wconf 82' lang='lat' dir='ltr'>supplied</span> <span class='ocrx_word' id='word_1_255' title='bbox 962 4849 990 4900; x_wconf 89' lang='lat' dir='ltr'>in</span> <span class='ocrx_word' id='word_1_256' title='bbox 1002 4849 1176 4904; x_wconf 81' lang='lat' dir='ltr'>illumination.</span> 
     </span>
     <span class='ocr_line' id='line_1_37' title="bbox 1177 4947 1201 4997; baseline 0 0"><span class='ocrx_word' id='word_1_257' title='bbox 1177 4947 1201 4997; x_wconf 81' lang='lat' dir='ltr'><strong>G</strong></span> 
     </span>
    </p>
   </div>
   <div class='ocr_carea' id='block_1_10' title="bbox 322 4851 561 4905">
    <p class='ocr_par' dir='ltr' id='par_1_15' title="bbox 322 4851 561 4905">
     <span class='ocr_line' id='line_1_38' title="bbox 322 4851 561 4905; baseline 0.013 -3"><span class='ocrx_word' id='word_1_258' title='bbox 322 4851 456 4903; x_wconf 71' lang='lat' dir='ltr'>’matur</span> <span class='ocrx_word' id='word_1_259' title='bbox 466 4852 494 4903; x_wconf 90' lang='lat' dir='ltr'>in</span> <span class='ocrx_word' id='word_1_260' title='bbox 504 4851 561 4905; x_wconf 78' lang='lat' dir='ltr'>Me.</span> 
     </span>
    </p>
   </div>
   <div class='ocr_carea' id='block_1_11' title="bbox 0 0 1798 5838">
    <p class='ocr_par' dir='ltr' id='par_1_16' title="bbox 0 0 1798 5838">
     <span class='ocr_line' id='line_1_39' title="bbox 0 0 1798 5838; baseline 0 5"><span class='ocrx_word' id='word_1_261' title='bbox 0 0 1798 5838; x_wconf 95' lang='lat' dir='ltr'> </span> 
     </span>
    </p>
   </div>
  </div>
 </body>
</html>
