3588 5838
409 850 452 914 32
583 849 587 858 '
742 861 939 912 nrcmrnou
961 859 1118 911 mmmm

236 1042 425 1100 nl).1uo.“
447 1049 578 1109 ‘coram
601 1043 784 1114 senescallo
806 1052 841 1114 et
865 1048 1067 1130 Marescollo,
1090 1047 1144 1114 vel
1168 1047 1294 1114 Olerico
1317 1045 1458 1112 Merccti

406 1149 424 1179 “
447 1145 617 1234 ‘Hospitii
640 1150 755 1232 nostri,
778 1151 833 1216 vel
855 1151 1023 1218 haeredum
1046 1158 1242 1229 nostrorum,
1265 1156 1325 1216 aut
1348 1171 1455 1214 coram

403 1254 420 1281 “
443 1249 667 1317 ‘Justiciariis
688 1253 818 1331 nostris,
846 1255 901 1320 vel
930 1254 1099 1320 haeredum
1128 1258 1324 1332 nostrorum,
1355 1251 1456 1317 itine-

403 1357 420 1384 “
443 1353 618 1419 ‘rantibus
639 1354 683 1420 ad
706 1355 903 1421 Communia
925 1355 1054 1422 Placita
1084 1359 1118 1421 et
1148 1355 1276 1422 Placitc
1307 1354 1453 1433 Coronae,

400 1458 419 1487 “
442 1455 518 1519 ‘vel
540 1456 584 1522 ad
607 1455 734 1524 Placita
760 1457 914 1538 Forestm,
937 1459 994 1524 vel
1016 1480 1126 1524 coram
1155 1459 1180 1524 J
1182 1457 1360 1524 ustioioriis
1383 1479 1455 1522 nos-

401 1561 419 1589 “
440 1557 535 1639 ‘tria
550 1558 605 1624 rel
619 1558 789 1625 haeredum
803 1565 1002 1642 nostrorum,
1018 1561 1062 1627 ad
1077 1559 1291 1647 proditiones,
1305 1559 1453 1640 telonias,

400 1661 419 1692 “
441 1662 745 1748 ‘trarmgressiones
776 1662 830 1728 vel
863 1661 943 1728 alios
974 1685 1027 1728 res
1057 1684 1277 1750 quascunque,
1308 1667 1379 1728 tam
1409 1662 1453 1728 ad

398 1765 416 1794 “
439 1766 585 1828 ‘sectam
606 1769 761 1846 nostram,
777 1765 832 1830 vel
854 1765 1022 1832 baercdum
1043 1771 1241 1844 nostrorum,
1257 1787 1357 1852 quam
1373 1765 1453 1831 alio-

397 1869 415 1897 “
440 1870 536 1930 ‘rum
559 1887 836 1953 quorumcunque,
852 1868 906 1934 vel
929 1867 1064 1934 alterius
1087 1868 1311 1956 cujuscunque
1336 1865 1451 1933 ¹audi·

398 1972 415 1997 “
438 1967 583 2033 ‘endum
608 1975 643 2035 et
666 1970 914 2036 terminandum
937 1970 1134 2058 assignatis3
1157 1970 1211 2037 vel
1236 1991 1345 2036 coram
1371 1971 1450 2044 Jus-

398 2075 415 2100 “
438 2070 596 2136 ‘ticiariis
618 2072 752 2152 nostris,
767 2073 821 2138 vel
845 2072 1013 2138 haeredum
1036 2078 1234 2152 nostrorum,
1256 2073 1300 2137 ad
1323 2073 1451 2153 assises,

397 2177 413 2203 “
437 2171 591 2257 ‘juratas
604 2179 639 2239 et
649 2175 905 2254 certificationes‚
916 2185 975 2240 aut
990 2197 1201 2261 quascunque
1216 2175 1296 2240 alias
1311 2174 1449 2261 inquisi-

396 2281 413 2307 “
437 2281 445 2308 ‘
460 2274 574 2355 tiones,
590 2277 816 2364 ⁹capiendum,
833 2278 887 2343 vel
906 2277 950 2342 ad
969 2278 1081 2364 gaolas
1097 2275 1380 2358 ³dclibcrandum,
1397 2299 1449 2342 as-

395 2381 412 2410 “
435 2384 443 2411 ‘
459 2379 619 2465 signatis3
634 2380 688 2446 vel
703 2401 812 2446 coram
827 2380 1018 2445 custodibus
1033 2380 1122 2467 pacis
1137 2387 1269 2461 nostrae,
1279 2378 1334 2446 vol
1348 2379 1450 2445 haere-

395 2483 416 2514 “
438 2483 446 2512 ‘
462 2479 543 2545 dum
557 2487 755 2562 nostrorum,
771 2481 826 2547 vel
841 2481 1045 2548 Justiciariis
1059 2483 1191 2564 nostris,
1208 2483 1263 2548 vel
1278 2482 1448 2550 haredum

395 2589 412 2616 “
435 2588 654 2664 ‘nostrorum
679 2585 722 2650 ad
744 2588 873 2650 statuta
895 2589 930 2649 et
953 2584 1179 2652 ordinationes
1203 2585 1245 2652 de
1267 2585 1449 2651 artificibus

395 2689 413 2719 “
436 2689 495 2750 ‘et
518 2685 767 2769 laboratoribus,
792 2685 1014 2753 servientibus
1036 2693 1071 2754 et
1094 2688 1276 2768 vitellariis‚
1292 2709 1331 2754 ao
1345 2688 1447 2753 etiam

395 2793 411 2820 “
435 2787 498 2852 ‘de
514 2789 713 2874 ponderibus
727 2795 762 2856 et
778 2789 940 2856 mensuris
963 2788 1224 2870 *conservandis
1249 2791 1446 2878 assignatis;

395 2895 412 2922 “
435 2891 512 2955 ‘vel
535 2913 643 2957 coram
666 2892 915 2980 quibuscunque
937 2893 1011 2958 aliis
1026 2892 1190 2958 officiariis
1204 2893 1260 2958 vel
1284 2892 1446 2959 ministris

393 2998 411 3026 “
434 2993 587 3074 ‘nostris
610 2995 665 3061 vel
694 2995 862 3062 haeredum
892 3001 1089 3076 nostrorum,
1113 3000 1183 3060 tom
1213 2996 1250 3060 in
1280 2996 1446 3082 presentia

394 3102 410 3130 ‘⁸
433 3102 569 3163 ‘nostra
603 3103 637 3164 ct
668 3098 837 3165 heredum
869 3103 1067 3178 nostrorum,
1099 3120 1199 3185 quam
1229 3099 1266 3164 in
1294 3097 1446 3165 absentia

393 3203 411 3232 “
435 3206 571 3267 ‘nostra
593 3206 628 3265 et
650 3200 819 3267 haeredum
841 3205 1051 3282 nostrorum
1081 3205 1115 3266 et
1138 3201 1174 3266 in
1198 3201 1350 3267 omnibus
1371 3202 1445 3266 aliis

393 3307 410 3334 “
433 3301 574 3382 ‘Curiis
599 3302 685 3382 locis,
711 3307 746 3368 et
777 3303 917 3390 placitis,
941 3304 1010 3368 sint
1042 3305 1114 3391 ipsa
1144 3304 1231 3370 bona
1263 3309 1296 3370 et
1326 3304 1445 3370 catalla

392 3408 412 3439 “
434 3404 604 3490 ‘ipsorum
634 3426 723 3470 nunc
752 3405 895 3471 Abbatis
925 3411 960 3472 et
991 3406 1193 3485 Conventus,
1225 3412 1259 3472 et
1284 3429 1444 3474 successo·

390 3512 410 3539 “
433 3511 531 3572 ‘rum
547 3529 689 3574 suorum.
735 3507 781 3575 Et
804 3509 888 3574 bene
911 3509 1010 3576 liccat
1032 3509 1087 3590 eis,
1111 3513 1145 3575 et
1165 3509 1387 3576 servientibus
1409 3517 1444 3577 et

390 3615 409 3642 “
432 3609 614 3676 ‘ministris
637 3611 714 3690 suis,
730 3610 854 3698 absquo
873 3597 1111 3700 impedimento
1133 3613 1247 3692 nostri,
1271 3614 1325 3680 vel
1339 3614 1442 3680 baere-

390 3716 410 3747 “
432 3711 536 3777 ‘dum
573 3718 771 3794 nostrorum,
802 3719 862 3780 aut
892 3715 1030 3782 aliorum
1061 3714 1299 3795 officiariorum‚
1337 3716 1442 3782 Justi-

388 3819 409 3850 “
433 3814 639 3894 ‘cleriorum
671 3816 726 3882 vel
763 3816 990 3884 ministrorum
1027 3823 1225 3900 nostrorum,
1256 3818 1311 3883 vel
1341 3818 1442 3885 haere·

389 3923 406 3949 “
430 3925 437 3951 ‘
453 3917 533 3982 dum
547 3923 744 3998 nostrorum,
760 3923 821 3986 aut
836 3919 1082 4000 vicecomitum,
1097 3918 1322 4000 Escaetorum,
1341 3920 1441 3987 Coro-

388 4025 408 4055 “
431 4025 617 4102 ‘natorum
656 4021 831 4107 Majorum,
865 4022 1073 4101 ballivorum,
1107 4023 1440 4102 constabulariorum,

387 4127 405 4154 “
428 4123 505 4188 ‘vol
537 4123 675 4190 aliorum
708 4125 933 4190 ministrorum
965 4131 1163 4207 nostrorum,
1188 4125 1241 4191 vel
1269 4127 1439 4192 haeredum

387 4229 405 4259 “
428 4230 640 4294 ‘nostrorum
678 4247 955 4314 quorumcunque,
985 4249 1106 4314 ponere
1144 4249 1178 4293 se
1207 4228 1245 4292 in
1283 4228 1438 4295 seisinam

386 4332 404 4361 “
426 4328 491 4394 ‘de
514 4329 612 4396 dictis
637 4328 733 4396 bonis
766 4335 799 4396 et
831 4329 958 4397 catallis
988 4330 1024 4394 in
1056 4328 1209 4396 omnibus
1243 4336 1278 4396 et
1299 4331 1439 4420 singulis

387 4437 404 4465 “
427 4430 579 4497 ‘casibus
612 4431 819 4519 supradictis,
849 4438 885 4498 et
914 4432 1027 4498 eadem
1063 4431 1150 4499 bona
1180 4437 1216 4500 ct
1245 4435 1365 4500 catalla
1395 4434 1438 4500 ad

419 4707 428 4743 ¹
439 4709 554 4762 audiendi
565 4717 590 4761 ct
603 4709 747 4761 seminandi
756 4710 784 4761 in
794 4709 852 4762 ΜΒ.
965 4707 1134 4761 Moiteanoi
1144 4711 1171 4763 in
1181 4712 1238 4765 MS.

418 4791 553 4857 ²capiendi
564 4789 659 4842 inMs.
964 4789 1251 4845 marcomannus.
