3588 5838
464 891 530 956 122
798 905 996 957 uuo1srumr
1018 905 1176 958 sussum

294 1101 563 1182 AJ).1⁴ss.quum
583 1091 690 1158 Priori
707 1091 906 1159 liberaverat
928 1113 1033 1159 assem
1054 1093 1197 1172 unicum,
1212 1099 1272 1160 eut
1285 1091 1512 1180 quadrantem,

292 1193 445 1323 {lotwfflff
463 1197 532 1264 sive
559 1197 659 1262 sciret
683 1217 727 1260 en
752 1195 954 1262 haberentur
977 1196 1032 1264 vel
1056 1216 1125 1262 non
1150 1197 1355 1264 haberentur
1382 1195 1426 1262 eb
1455 1195 1513 1262 ali·

293 1328 402 1380 m„
464 1319 529 1387 quo
554 1297 755 1366 confratrum
786 1319 930 1366 suorum.
991 1299 1176 1366 Fatebatur
1204 1305 1327 1378 tamen,
1357 1299 1512 1387 quemad-
1576 1399 1580 1409 ι

294 1393 435 1447 Abtotdiu
464 1402 600 1468 modum
625 1399 788 1468 confessus
813 1402 923 1468 fueret
947 1400 1132 1470 Offieierius
1158 1403 1265 1490 primo
1289 1402 1406 1480 dictus,
1433 1421 1511 1488 quo·

292 1462 451 1592 ffiffieeffa.
463 1505 561 1571 modo
590 1503 748 1592 Superior
773 1523 852 1569 suus
881 1503 964 1570 talia
994 1504 1099 1570 verbu
1124 1504 1166 1570 de
1191 1505 1332 1594 pecunia
1357 1505 1447 1571 dicte
1476 1503 1512 1568 in

291 1596 438 1726 {imni}
464 1612 570 1673 morte
592 1628 652 1673 sua
680 1605 822 1688 habuit3
847 1607 912 1683 sed,
939 1628 983 1672 an
1009 1628 1107 1686 error,
1133 1629 1191 1674 seu
1214 1607 1347 1686 veritas,
1377 1607 1415 1672 in
1444 1605 1512 1673 suis

292 1743 378 1780 soen·
463 1711 573 1776 fueret
595 1707 703 1787 dictis,
725 1707 916 1775 nullatenus
940 1708 1102 1776 affirmare
1125 1732 1224 1776 ausus
1245 1711 1322 1777 fuit.

291 1795 388 1912 md
399 1795 443 1846 the
508 1812 629 1890 Abbas,
647 1812 837 1898 juramenta
858 1809 972 1878 fratris
994 1812 1140 1891 audiens,
1163 1818 1199 1880 et
1223 1813 1333 1901 ipsum
1354 1811 1399 1877 ad
1420 1831 1511 1877 men—

292 1929 384 1980 mrks.
463 1916 594 1983 decium
615 1936 757 2003 pronum
787 1914 855 1980 fore
885 1915 1083 2002 intelligens,
1107 1915 1304 2003 loquebatur
1327 1915 1357 1982 ei
1379 1915 1511 1991 iterum,

293 2020 448 2072 Thenteos
462 2019 512 2085 ita
534 2018 645 2084 dicens
657 2025 729 2082 :—“
737 2015 827 2094 Noli,
849 2015 959 2095 freter,
983 2022 1117 2106 propter
1139 2031 1258 2083 eurum
1272 2016 1417 2082 enimam
1439 2038 1511 2104 per·

291 2102 408 2205 qqpnropps
462 2130 480 2158 “
502 2121 589 2198 dere,
604 2141 709 2206 neque
723 2124 859 2207 propter
877 2125 1051 2206 argentum
1066 2119 1215 2186 recedere
1230 2143 1251 2186 e
1264 2120 1345 2196 Deo,
1359 2124 1394 2185 ct
1407 2139 1511 2205 usque

292 2221 448 2300 veseima
463 2233 481 2260 “
502 2223 545 2289 ud
568 2222 759 2288 Geheunem
783 2221 840 2287 ire.
886 2222 952 2302 Qui
974 2222 1063 2288 euim
1085 2223 1237 2305 scienter,
1259 2226 1294 2288 et
1316 2243 1392 2287 oum
1413 2223 1511 2308 plene

292 2303 411 2405 {inm
463 2333 481 2362 “
502 2325 748 2405 deliberatione,
772 2346 807 2390 se
833 2325 989 2412 perjuret,
1014 2325 1139 2392 recedit
1162 2347 1184 2391 u
1207 2326 1286 2407 Deo,
1301 2329 1336 2390 et
1357 2325 1447 2390 viam
1467 2325 1510 2390 ud

292 2420 447 2540 fflg‘ffl
463 2435 480 2466 “
504 2427 696 2494 Gehenncm
729 2431 834 2516 peret.
895 2427 957 2492 Fst
992 2427 1081 2492 enim
1106 2426 1297 2514 hujusmodi
1329 2427 1510 2516 perjurium

382 2504 421 2554 η’
463 2537 483 2568 “
504 2531 639 2618 gravius
668 2529 705 2594 iu
734 2549 768 2595 se
804 2534 975 2616 peccatum
1010 2551 1110 2617 quam
1140 2529 1186 2595 sit
1221 2529 1446 2613 homicidium,
1476 2535 1511 2597 et

460 2641 479 2669 “
500 2637 683 2721 propterea,
710 2631 768 2718 qui
793 2652 828 2697 se
853 2629 900 2696 sic
924 2629 1079 2718 perjuret,
1109 2631 1245 2720 gravius
1271 2632 1308 2698 in
1334 2655 1369 2699 se
1398 2637 1511 2720 peccat

461 2740 479 2772 ‘¹
502 2755 602 2821 quem
622 2733 680 2821 qui
701 2755 800 2799 suum
816 2733 976 2799 interficit
996 2734 1194 2821 proximum,
1216 2739 1275 2800 eut
1299 2739 1429 2823 petrem
1455 2737 1510 2802 de-

459 2844 477 2876 “
498 2838 662 2906 honestet.
708 2835 751 2903 In
770 2841 805 2903 te
824 2837 942 2924 ipsum,
958 2841 993 2902 et
1008 2837 1052 2902 ed
1074 2841 1108 2902 te
1129 2837 1246 2926 ipsum,
1261 2837 1373 2922 freter,
1388 2839 1510 2922 redeas,

463 2949 480 2980 “
502 2941 718 3028 consulteque
734 2939 841 3028 megie
863 2938 1042 3005 salubriter
1063 2943 1133 3007 tuae
1156 2940 1277 3008 enimse
1295 2961 1339 3006 ne
1356 2947 1432 3030 post
1454 2941 1511 3008 de·

461 3053 479 3082 “
501 3065 626 3111 cessum
649 3043 693 3108 ad
714 3043 881 3109 infernum
901 3040 1048 3109 tendus.”

290 3154 413 3234 Thebrp
506 3147 599 3212 Tunc
628 3145 732 3212 fmter
761 3145 870 3211 dictus
904 3145 1007 3231 coepit
1030 3143 1144 3230 jurare
1173 3165 1293 3226 rursus,
1323 3145 1511 3234 iterumque

289 3221 424 3355 ἓξὲξ
463 3247 865 3413 adjuraredreqpldereque
891 3267 912 3310 e
935 3246 1102 3313 beneficiis
1129 3245 1293 3330 Ecclesioe,
1319 3249 1348 3314 si
1371 3249 1511 3316 ulterius
1778 3223 1779 3306 l

289 3353 367 3406 iubis
718 3349 726 3364 ”
765 3349 773 3364 ’
924 3348 943 3364 “’
1016 3349 1024 3364 ’
1130 3349 1137 3366 ⁸
1220 3349 1228 3364 ⁸
1323 3351 1331 3366 ¹
1496 3389 1510 3402 .

288 3427 427 3550 meg
460 3350 1202 3538 lillmleinsifflptiildffliili
1218 3371 1510 3532 ttulit.
1776 3373 1778 3528 l

287 3554 431 3632 theAbtot
460 3555 599 3634 midens,
623 3575 675 3636 ne,
700 3554 729 3620 si
752 3553 853 3618 nimis
871 3558 1072 3641 emungeret,
1095 3555 1290 3642 sanguinem
1312 3556 1451 3640 eliceret,
1475 3564 1509 3625 et

289 3623 440 3739 fflqa
459 3659 487 3725 ei
512 3657 660 3746 exigeret
685 3655 836 3737 nimium,
861 3655 974 3721 odium
1000 3657 1111 3744 potius
1136 3678 1234 3744 quem
1262 3679 1380 3725 eurum
1401 3683 1423 3726 e
1443 3661 1510 3729 ira·

289 3761 381 3872 &aa
461 3761 567 3828 tribus
597 3762 817 3847 extorqueret,
847 3759 976 3826 censuit
1006 3759 1096 3846 epud
1127 3780 1163 3826 se
1196 3761 1301 3848 magis
1331 3763 1509 3851 expediens

335 3835 359 3886 μ’
459 3885 528 3931 esse
565 3863 662 3930 silere
695 3863 732 3928 iu
769 3861 919 3944 muteris,
945 3867 981 3927 et
1014 3861 1187 3948 quiescere,
1224 3883 1324 3949 quum
1360 3865 1510 3934 leborere

457 3966 608 4046 ulterius,
639 3970 674 4032 et
702 3985 771 4030 non
794 3965 900 4052 magis
930 3962 1096 4050 proficere,
1118 3985 1218 4051 quem
1242 3965 1271 4030 ei
1291 3967 1444 4056 pingeret
1472 3971 1509 4036 in

458 4068 611 4157 pendulo,
638 4067 800 4155 sculperet
823 4066 861 4132 in
886 4065 1023 4153 liquido,
1049 4066 1172 4132 autin
1198 4067 1330 4135 stabulo
1360 4073 1509 4141 studeret

457 4171 624 4238 inutiliter
645 4169 816 4238 seminare.

288 4275 344 4328 The
353 4275 434 4356 ¹¹191⁶
504 4275 622 4362 Sisque
659 4273 762 4339 latuit
795 4271 935 4360 peormie
968 4271 1066 4351 dicte,
1084 4273 1228 4358 seposito
1254 4273 1297 4340 ad
1322 4281 1459 4362 partem,
1474 4281 1509 4344 et

287 4351 446 4462 m&
458 4378 635 4457 subtracta,
670 4375 845 4461 latuitque,
875 4373 1013 4456 ¹immo,
1046 4373 1154 4440 adhuc
1195 4375 1289 4455 lutet,
1329 4378 1387 4444 ille
1423 4381 1509 4447 ulter

287 4475 398 4542 opinion,
457 4479 640 4562 ²Anenias,
666 4478 725 4566 qui
748 4499 822 4544 eam
841 4477 885 4544 ed
907 4481 1037 4565 portem
1061 4477 1235 4565 deposuit3
1261 4479 1446 4569 latebitque
1467 4483 1509 4549 de

286 4543 414 4662 &qu
459 4583 638 4662 verisimili,
663 4603 832 4668 quousque
856 4585 992 4669 cogetur
1015 4602 1115 4667 poene
1138 4582 1282 4671 compari
1304 4583 1341 4649 iu
1363 4585 1508 4652 medium

460 4757 533 4776 —D-'b

493 4826 670 4892 maenus.
978 4823 983 4890 J
1031 4823 1149 4874 ascet.
