3588 5838
475 909 649 959 tonsurus
672 909 958 960 wssrnsusrnnn
981 911 1159 962 secusne.
1292 899 1334 963 39

282 1101 301 1130 “
324 1095 500 1174 ‘coelestis
515 1095 740 1174 concessimus,
756 1099 791 1162 et
805 1095 867 1162 hoe
881 1099 1036 1184 praesenti
1058 1096 1205 1164 ¹Oherte
1219 1101 1334 1163 nostre
1347 1106 1416 1160 An.
1431 1113 1502 1160 1448.

282 1203 300 1232 “
324 1198 562 1276 ‘concedimus
583 1203 747 1285 quantum
769 1198 806 1263 in
828 1199 924 1265 nobis
946 1207 1005 1282 est,
1029 1200 1101 1267 Deo
1124 1205 1159 1266 et
1182 1200 1335 1266 Ecclesiae

281 1307 301 1335 “
325 1301 464 1368 ‘Sancti
485 1301 621 1382 Albani,
643 1324 681 1367 oc
703 1300 832 1367 dilectis
852 1301 949 1368 nobis
968 1302 1005 1368 in
1021 1303 1161 1380 Christo,
1177 1302 1335 1381 Johsnni,

281 1411 299 1436 “
324 1411 435 1468 ‘nunc
455 1403 593 1483 Abbati,
616 1409 652 1469 et
674 1403 864 1469 conventui
889 1403 1035 1490 ejusdem
1057 1405 1129 1482 loci,
1154 1409 1188 1470 et
1211 1426 1334 1471 sueces-

279 1511 300 1539 “
322 1506 475 1570 ‘soribus
498 1506 565 1571 suis
588 1503 647 1570 2in
669 1511 873 1592 perpetuum,
893 1507 981 1592 quod
1002 1507 1067 1593 ipsi
1089 1511 1125 1572 et
1139 1528 1335 1592 sumessores

281 1613 298 1642 “
323 1608 399 1673 ‘sui
419 1607 566 1674 habeant
592 1607 813 1695 cognitionem
843 1609 992 1674 omnium
1015 1615 1050 1674 et
1072 1608 1335 1675 omnimodorum

280 1719 299 1744 “
322 1711 541 1796 ‘placitorum
572 1716 735 1776 terrerum
768 1715 803 1776 et
834 1715 1100 1777 tenementorum
1130 1709 1217 1776 infre
1238 1711 1335 1776 villas

282 1821 299 1846 ‘⁸
323 1817 423 1878 ‘suas
445 1812 486 1878 de
509 1812 631 1878 Sancto
654 1813 793 1891 Albano,
818 1811 951 1892 Bernet,
975 1817 1010 1878 et
1025 1811 1186 1902 Wutford,
1210 1835 1335 1879 necnon

281 1923 299 1948 “
323 1914 570 1980 ‘Hundredum
593 1915 634 1980 de
654 1914 793 2000 Ceysbo,
817 1915 854 1978 in
877 1915 1047 1981 Comitetu
1063 1914 1273 1993 Hertsordiee‚
1297 1937 1335 1982 ee

282 2025 299 2050 ‘⁴
324 2025 332 2050 ‘
347 2023 454 2082 totam
476 2017 664 2100 libertatem
678 2039 772 2082 suem
788 2017 903 2084 Snncti
918 2018 1043 2082 Albani
1057 2023 1250 2104 tangentem
1264 2018 1335 2084 sive

282 2127 299 2152 “
322 2125 590 2207 ‘emergentem
614 2141 653 2186 ec
667 2121 769 2186 etiem
792 2120 982 2186 Assisorum
1004 2121 1112 2187 Novae
1134 2120 1334 2199 Disseisinee,

281 2229 300 2256 ‘⁴
325 2230 334 2255 ‘
350 2223 468 2288 Mortis
482 2223 744 2302 Antecessorum,
760 2223 1043 2304 eertificetionum,
1060 2227 1094 2289 et
1108 2223 1333 2305 attinctsrum,

282 2330 300 2359 “
324 2325 391 2390 ‘de
413 2324 536 2390 eisdem
559 2325 655 2391 terris
678 2331 713 2390 et
734 2327 940 2404 tenementis,
956 2329 1027 2391 tem
1049 2347 1159 2391 eorem
1180 2326 1277 2392 nobis
1299 2332 1334 2392 et

281 2433 300 2460 “
323 2427 533 2492 ‘haeredibus
566 2427 697 2506 nostris,
719 2427 920 2493 Justicieriis
942 2428 1075 2505 nostris,
1106 2433 1139 2493 et
1165 2427 1334 2494 hseredum

281 2533 300 2562 “
324 2534 535 2596 ‘nostrorum
557 2531 599 2596 de
622 2529 798 2596 Communi
822 2530 941 2608 Beneo,
964 2551 1065 2616 quem
1087 2530 1161 2594 eliis
1176 2529 1333 2596 Justieie-

283 2637 301 2665 “
323 2632 406 2696 ‘riis
438 2633 570 2712 nostris,
593 2637 629 2698 et
652 2632 819 2698 haeredum
847 2639 1044 2710 nostrorum,
1071 2633 1115 2697 ad
1137 2631 1266 2698 Assises
1296 2633 1334 2697 in

282 2743 301 2768 “
324 2739 334 2768 ‘
350 2733 571 2800 Oomitntibus
586 2733 796 2812 Hertfordiae,
818 2732 1071 2810 ³Middileexiae,
1087 2733 1142 2800 vel
1156 2734 1246 2812 alibi,
1260 2757 1334 2822 cep-

281 2845 298 2870 “
324 2843 398 2902 ‘tas
420 2857 478 2902 seu
500 2836 683 2924 capiendas,
708 2837 892 2923 assignatas
919 2859 977 2902 seu
999 2836 1220 2923 assignandae,
1245 2859 1334 2901 erre·

281 2945 301 2974 “
324 2945 332 2972 ‘
349 2938 467 3005 mistas
485 2960 543 3004 seu
557 2939 793 3020 erremiendes,
808 2944 870 3004 aut
886 2939 962 3006 eliis
977 2939 1001 3004 J
1002 2939 1180 3004 usticieriis
1202 2939 1335 3018 nostris,

283 3046 301 3074 ‘⁸
326 3041 404 3106 ‘vel
432 3041 600 3106 haeredum
630 3047 828 3119 nostrorum,
850 3042 1022 3107 inchoatus
1047 3040 1336 3118 seu-inchoandas,

281 3151 298 3176 “
322 3151 472 3208 ‘necnon
495 3143 536 3208 de
559 3144 720 3222 attinctis,
735 3143 867 3221 debitis,
882 3143 1052 3230 compotis,
1068 3143 1336 3230 transgressioni·

283 3253 299 3278 “
323 3245 416 3322 ‘bus
431 3245 715 3325 conventionibus,
736 3244 993 3325 detentionibus,
1010 3245 1262 3333 contemptibus,
1279 3245 1335 3311 de·

282 3355 299 3381 “
322 3347 563 3433 ‘ceptionibus
605 3369 642 3412 ec
673 3349 715 3414 de
746 3348 999 3434 quibuscunque
1033 3347 1107 3413 eliis
1139 3347 1270 3435 placitis
1300 3351 1335 3412 et

280 3457 299 3485 ‘¹
324 3451 496 3535 ‘querelis
518 3451 671 3528 restibus,
694 3451 929 3537 personalibus,
946 3455 980 3515 et
1001 3450 1125 3528 mixtis,
1144 3471 1184 3515 ee
1205 3450 1335 3537 placitis

283 3559 300 3588 “
323 3553 488 3618 ‘Coronae
511 3553 598 3618 infru
614 3553 721 3632 villas,
744 3553 965 3630 hundredum,
984 3557 1018 3618 et
1040 3553 1237 3632 libertatem,
1253 3574 1335 3639 prae-

281 3662 299 3692 “
324 3655 444 3732 ‘dictu
460 3655 677 3742 quovismodo
693 3655 946 3742 emergentibus,
964 3655 1033 3720 eive
1056 3677 1099 3720 ex
1121 3677 1210 3721 nune
1233 3677 1335 3721 emer-

282 3763 299 3793 “
323 3757 473 3844 ‘gendis
500 3759 590 3824 unde
619 3757 765 3844 cognitio
795 3757 981 3838 eorundem,
1011 3759 1082 3823 sive
1115 3758 1254 3844 alicujus
1283 3779 1334 3824 eo

282 3865 301 3895 “
325 3860 499 3942 ‘rundem,
522 3862 566 3926 ed
587 3882 656 3938 nos,
680 3882 737 3925 seu
759 3860 904 3926 bseredes
920 3864 1057 3938 nostros,
1072 3881 1130 3925 seu
1152 3860 1195 3925 ed
1219 3860 1336 3926 Curias

283 3970 299 3996 “
323 3967 484 4040 ‘nostros
506 3985 564 4029 seu
586 3963 754 4028 haeredum
777 3967 974 4040 nostrorum,
996 3963 1151 4048 pertinet,
1174 3983 1232 4028 seu
1255 3982 1335 4046 quo-

281 4071 299 4100 “
324 4064 529 4131 ‘modolibet
558 4065 701 4144 deberet,
732 4087 791 4151 per
819 4065 974 4152 praefa'tos
997 4064 1164 4129 Abbetem
1194 4077 1229 4128 et
1251 4063 1337 4128 Oon-

282 4173 301 4202 “
323 4171 544 4248 ‘ventumst
560 4189 758 4234 successores
780 4188 863 4246 suos,
880 4172 941 4233 eut
965 4187 1077 4232 eorum
1099 4166 1136 4230 in
1159 4166 1221 4230 hec
1241 4169 1336 4251 perte

282 4279 300 4304 “
326 4272 547 4350 ‘ettometos
563 4292 621 4336 seu
644 4275 857 4346 attenuatum,
874 4291 983 4336 eorem
998 4269 1021 4334 J
1022 4267 1200 4333 ustieisriie
1222 4266 1336 4351 hujus-

281 4381 299 4406 “
324 4372 437 4436 ‘modi
468 4373 509 4438 de
535 4377 683 4459 tempore
713 4374 749 4437 in
774 4379 916 4458 tempus,
939 4376 1038 4458 prout
1061 4391 1156 4436 cesus
1186 4369 1335 4456 exigerit,

282 4480 301 4510 “
326 4473 624 4554 “calumniandis
646 4481 681 4542 et
711 4497 821 4540 eorem
852 4474 1037 4542 senescallo
1068 4471 1245 4538 eorundem
1268 4471 1336 4537 Ab·

316 4746 324 4778 ¹
340 4746 420 4797 Carta
432 4747 459 4796 in
471 4747 527 4798 MS.

317 4825 328 4858 ²
338 4828 513 4892 imperpetuum
523 4827 549 4876 in
561 4827 618 4878 MS.
