3582 5838
424 883 490 949 198
759 893 957 944 armamus
980 891 1136 942 rnnsmn

256 1093 323 1146 an.
340 1097 411 1146 145⁶.
426 1095 444 1122 ‘¹
466 1084 701 1173 mesprisiones,
714 1087 977 1178 contemptuset
992 1083 1225 1171 inpetitiones,
1236 1103 1297 1173 per
1307 1084 1394 1172 ipsos
1405 1083 1472 1150 Ab·

429 1198 447 1225 “
468 1189 581 1254 batem
603 1193 638 1254 et
661 1187 872 1256 conventum
887 1192 966 1254 ants
981 1187 1120 1254 eundem
1136 1209 1260 1253 nonum
1276 1187 1365 1253 diem
1380 1187 1404 1253 J
1405 1187 1472 1264 olii,

427 1295 445 1326 “
469 1295 584 1357 contra
606 1291 745 1356 formam
767 1295 837 1356 tam
868 1290 1074 1377 quorundam
1101 1290 1321 1371 Statutorum,
1344 1289 1472 1356 ordina-

428 1399 447 1428 “
469 1393 609 1473 tionum,
620 1399 655 1460 at
670 1393 903 1480 provisionum,
912 1397 991 1458 ante
1006 1392 1132 1458 dictum
1146 1413 1271 1459 nonum
1286 1393 1374 1458 diem
1387 1392 1411 1456 J
1412 1393 1471 1458 ulii

427 1505 446 1530 “
470 1495 632 1561 factorum
662 1517 720 1562 seu
742 1497 913 1574 editorum,
937 1496 979 1561 ds
1001 1495 1302 1583 perquisitionibus,
1325 1499 1470 1583 recapta-

429 1607 448 1632 “
471 1599 627 1680 tionibus,
649 1599 852 1680 lectionibus,
870 1598 1156 1685 publicationibus,
1180 1599 1469 1678 notificationibus,

429 1709 446 1735 ‘⁶
470 1705 504 1766 et
520 1701 768 1767 executionibus
783 1701 1038 1788 quibuscunque,
1050 1723 1316 1788 quarumcunque
1330 1701 1470 1766 Littera-

431 1813 545 1868 “rum
567 1809 603 1868 et
625 1803 795 1870 Bullamm
810 1805 1081 1890 Apostolicorum,
1097 1808 1175 1870 ante
1200 1804 1324 1870 dictum
1347 1821 1469 1870 nonum

427 1913 444 1942 “
470 1906 558 1973 diem
573 1907 597 1972 ,J
598 1906 668 1985 ulii,
684 1911 719 1972 ct
734 1908 881 1972 omnium
895 1907 1035 1973 aliorum
1057 1906 1276 1986 Statutorum,
1291 1906 1469 1973 ordinatio-

428 2015 446 2045 “
470 2031 559 2087 num,
584 2013 619 2074 et
641 2009 873 2096 provisionum,
896 2015 1063 2098 praetextu
1086 2031 1226 2096 quorum
1248 2010 1360 2096 aliqua
1383 2015 1470 2076 secta

429 2119 447 2146 “
470 2134 584 2178 versus
606 2112 736 2178 eosdem
751 2113 916 2179 Abbatem
936 2118 970 2179 et
985 2113 1202 2192 (lomentum,
1217 2133 1275 2200 per
1289 2112 1403 2177 billam
1417 2113 1470 2177 vel

429 2225 447 2252 “
468 2237 527 2303 per
549 2216 648 2281 breve
671 2217 713 2281 do
735 2215 949 2282 ‘Praemuuiri
972 2214 1091 2293 facias,'
1114 2237 1171 2280 seu
1186 2215 1250 2280 alio
1273 2215 1370 2282 modo
1392 2235 1469 2300 quo-

427 2325 447 2356 “
470 2339 607 2407 cunque,
622 2339 681 2405 pro
696 2319 808 2404 aliqua
829 2319 968 2384 materia
982 2322 1060 2384 ants
1075 2318 1215 2384 eundem
1237 2339 1361 2383 nonum
1384 2318 1469 2384 diem

428 2428 447 2458 “
470 2421 494 2487 J
496 2421 564 2501 ulii,
573 2421 645 2486 fieri
656 2422 786 2502 valeat;
804 2441 902 2507 quam
918 2442 1187 2507 quorumcunque
1201 2421 1341 2487 aliorum
1356 2419 1470 2486 Statu·

428 2529 447 2559 “
469 2529 588 2602 torum,
604 2523 766 2588 factorum
781 2524 851 2589 sive
865 2529 1127 2611 perpetratorum
1140 2547 1149 2604 ;
1173 2523 1326 2602 Statutis,
1343 2523 1470 2588 ordina-

427 2635 445 2664 “
467 2626 625 2705 tionibus,
647 2631 681 2692 st
695 2626 945 2713 provisionibus,
960 2626 1026 2691 illis
1048 2649 1117 2692 non
1131 2625 1348 2704 obstantibus,
1366 2625 1469 2691 litta-

427 2735 446 2766 “
468 2729 515 2795 ris
537 2734 572 2794 et
588 2729 693 2794 Bullis
709 2731 750 2795 ds
765 2728 1029 2816 exemptionibus
1044 2730 1210 2795 duntaxat
1224 2729 1376 2815 exceptis.
1420 2729 1470 2793 Ac

426 2839 444 2868 “
467 2832 570 2898 etiam
592 2832 852 2919 perdonavimus,
874 2831 1066 2912 remisimus,
1090 2837 1125 2898 et
1151 2831 1381 2922 relaxavimus,
1411 2831 1470 2897 eis-

426 2943 445 2970 “
468 2935 542 3000 dem
557 2934 685 3000 Abbati
698 2940 732 3000 et
743 2933 931 3001 Conventui
946 2934 1149 3000 omnimodos
1163 2935 1245 3000 fines
1260 2933 1469 3020 adjudicatos,

426 3043 444 3073 “
466 3037 727 3116 amerciamanta,
750 3039 859 3103 exitus
888 3037 1080 3118 forisfactos,
1104 3037 1234 3118 relevio,
1257 3038 1411 3124 scutagia,
1432 3059 1470 3102 ac

426 3147 446 3177 “
467 3139 658 3206 omnimoda
677 3140 798 3218 debita,
813 3145 972 3228 compota,
995 3140 1152 3227 praestita,
1175 3139 1340 3227 arreragia
1360 3140 1471 3205 firma·

427 3251 445 3279 “
467 3265 541 3307 rum
565 3248 599 3308 et
621 3248 853 3329 compotorum,
876 3243 972 3308 nobis
995 3247 1074 3308 ants
1096 3247 1251 3338 octavum
1272 3243 1359 3308 diem
1377 3241 1469 3320 Julii,

428 3352 445 3382 “
468 3365 555 3409 anno
566 3345 658 3431 regni
674 3345 780 3410 nostri
794 3345 948 3410 vicesimo
964 3350 1068 3425 sexto,
1079 3345 1348 3431 qualitercunque
1358 3345 1471 3412 debita

427 3455 445 3483 “
466 3453 502 3512 et
516 3447 741 3533 pertinentia3
763 3468 893 3512 necnon
914 3449 1117 3514 omnimodas
1133 3448 1277 3514 actiones
1292 3454 1326 3513 et
1340 3448 1471 3513 deman-

425 3555 445 3586 “
469 3549 536 3626 das,
553 3569 634 3634 quas
648 3569 708 3614 nos
722 3548 817 3628 solus,
830 3549 883 3615 vel
898 3571 958 3616 nos
973 3551 1175 3636 conjunctim
1189 3571 1263 3616 cum
1278 3551 1350 3616 aliis
1363 3571 1468 3638 perso

428 3658 447 3689 “
470 3653 531 3730 nis,
552 3651 607 3717 vel
630 3651 694 3716 alia
716 3673 862 3738 persona,
878 3652 1045 3735 habemus,
1061 3675 1118 3718 seu
1140 3653 1259 3720 babere
1280 3655 1469 3741 poterimus,

427 3763 444 3792 “
466 3775 580 3821 versus
606 3755 693 3842 ipsos
719 3756 884 3822 Abbatem
910 3761 944 3822 et
970 3757 1189 3835 Conventum,
1219 3777 1279 3842 pro
1309 3756 1470 3843 aliquibus

429 3855 657 3945 “hujusmodi
687 3857 817 3938 finibus,
847 3859 1115 3936 amerciamentis,
1148 3858 1301 3940 exitibus,
1332 3860 1470 3937 releviis,

428 3967 446 3998 “
469 3960 634 4048 contagiis,
651 3961 782 4046 debitis,
797 3962 964 4050 compotis,
978 3962 1144 4049 praestitis,
1156 3969 1191 4028 at
1205 3964 1383 4052 arreragiis,
1393 3967 1470 4028 ants

430 4071 449 4102 “
472 4065 611 4130 eundem
634 4069 790 4130 octavum
812 4065 899 4130 diem
920 4065 1007 4130 Julii
1028 4065 1123 4131 nobis
1146 4063 1288 4131 debitis:
1310 4087 1348 4132 ac
1370 4066 1470 4132 etiam

425 4175 443 4203 “
467 4167 648 4255 utlagariae
670 4167 707 4231 in
728 4168 816 4254 ipsos
838 4165 1002 4232 Abbatem
1032 4172 1066 4233 et
1090 4167 1299 4234 Conventum
1327 4171 1469 4255 promul-

426 4277 445 4306 “
466 4275 562 4358 gatus
575 4291 635 4357 pro
651 4268 763 4355 aliqua
776 4291 947 4334 causarum
970 4270 1252 4356 supradictarum
1275 4273 1470 4340 omnimodis

425 4371 590 4438 “debitis
621 4376 655 4437 et
686 4371 845 4459 compotis
878 4371 974 4437 nobis
1006 4372 1128 4438 debitis
1159 4378 1194 4439 et
1215 4374 1469 4461 pertinentibus,

426 4481 446 4511 “
468 4495 542 4560 quus
572 4474 686 4561 vigore
719 4474 922 4540 litterarum
954 4478 1141 4541 nostrarum
1178 4475 1378 4556 Potentiam,
1413 4499 1470 4544 seu

426 4582 445 4614 “
465 4577 617 4644 brevium
639 4581 826 4644 nostrorum
849 4578 890 4643 do
905 4577 1027 4665 Magno
1041 4579 1095 4644 vel
1117 4577 1252 4645 Privato
1268 4579 1396 4667 Sigillo,
1412 4587 1470 4646 aut

426 4687 523 4767 “per
545 4679 775 4746 estallsmonta
797 4681 868 4746 sive
890 4681 1138 4768 assignationes,
1162 4686 1371 4768 respectuata
1385 4684 1469 4748 exis-

425 4791 444 4818 “
465 4779 554 4863 tunt,
577 4783 709 4848 omnino
732 4784 882 4872 exceptis
929 4784 973 4850 Et
995 4784 1083 4870 quod
1105 4805 1248 4871 praesens
1277 4785 1470 4872 perdonatio
