<?xml version="1.0" encoding="UTF-8"?>
<!DOCTYPE html PUBLIC "-//W3C//DTD XHTML 1.0 Transitional//EN"
    "http://www.w3.org/TR/xhtml1/DTD/xhtml1-transitional.dtd">
<html xmlns="http://www.w3.org/1999/xhtml" xml:lang="en" lang="en">
 <head>
  <title>
</title>
<meta http-equiv="Content-Type" content="text/html;charset=utf-8" />
  <meta name='ocr-system' content='tesseract 3.04.00' />
  <meta name='ocr-capabilities' content='ocr_page ocr_carea ocr_par ocr_line ocrx_word'/>
</head>
<body>
  <div class='ocr_page' id='page_1' title='image "./registraquorund00wallgoog_0235.png"; bbox 0 0 3582 5838; ppageno 0'>
   <div class='ocr_carea' id='block_1_1' title="bbox 481 871 1341 940">
    <p class='ocr_par' dir='ltr' id='par_1_1' title="bbox 481 871 1341 940">
     <span class='ocr_line' id='line_1_1' title="bbox 481 871 1341 940; baseline 0.013 -12"><span class='ocrx_word' id='word_1_1' title='bbox 481 878 656 930; x_wconf 75' lang='lat' dir='ltr'>rousnrrs</span> <span class='ocrx_word' id='word_1_2' title='bbox 678 879 964 931; x_wconf 70' lang='lat' dir='ltr'>wamumsrunn</span> <span class='ocrx_word' id='word_1_3' title='bbox 987 882 1162 932; x_wconf 71' lang='lat' dir='ltr'>securum</span> <span class='ocrx_word' id='word_1_4' title='bbox 1277 871 1341 940; x_wconf 84' lang='grc'>177</span> 
     </span>
    </p>
   </div>
   <div class='ocr_carea' id='block_1_2' title="bbox 289 1073 1508 3606">
    <p class='ocr_par' dir='ltr' id='par_1_2' title="bbox 340 1073 1508 1163">
     <span class='ocr_line' id='line_1_2' title="bbox 340 1073 1508 1163; baseline 0.009 -23"><span class='ocrx_word' id='word_1_5' title='bbox 340 1077 359 1108; x_wconf 78' lang='grc'>“’</span> <span class='ocrx_word' id='word_1_6' title='bbox 372 1073 520 1156; x_wconf 84' lang='lat' dir='ltr'>Habetis,</span> <span class='ocrx_word' id='word_1_7' title='bbox 544 1075 708 1163; x_wconf 80' lang='lat' dir='ltr'><strong>Princeps,</strong></span> <span class='ocrx_word' id='word_1_8' title='bbox 731 1097 791 1162; x_wconf 90' lang='lat' dir='ltr'>pro</span> <span class='ocrx_word' id='word_1_9' title='bbox 813 1096 903 1142; x_wconf 87' lang='lat' dir='ltr'>nunc</span> <span class='ocrx_word' id='word_1_10' title='bbox 925 1076 1076 1162; x_wconf 85' lang='lat' dir='ltr'>palmam,</span> <span class='ocrx_word' id='word_1_11' title='bbox 1092 1076 1222 1143; x_wconf 84' lang='lat' dir='ltr'>habetis</span> <span class='ocrx_word' id='word_1_12' title='bbox 1236 1079 1341 1144; x_wconf 86' lang='lat' dir='ltr'>victo·</span> <span class='ocrx_word' id='word_1_13' title='bbox 1353 1096 1420 1148; x_wconf 72' lang='grc' dir='ltr'>Μ).</span> <span class='ocrx_word' id='word_1_14' title='bbox 1439 1101 1508 1150; x_wconf 78' lang='lat'>145⁵.</span> 
     </span>
    </p>

    <p class='ocr_par' dir='ltr' id='par_1_3' title="bbox 289 1176 1341 3606">
     <span class='ocr_line' id='line_1_3' title="bbox 295 1176 1340 1264; baseline 0.004 -23"><span class='ocrx_word' id='word_1_15' title='bbox 295 1185 311 1211; x_wconf 90' lang='lat'><strong>“</strong></span> <span class='ocrx_word' id='word_1_16' title='bbox 332 1176 426 1258; x_wconf 75' lang='lat' dir='ltr'>mam,</span> <span class='ocrx_word' id='word_1_17' title='bbox 450 1177 580 1244; x_wconf 81' lang='lat' dir='ltr'>habetis</span> <span class='ocrx_word' id='word_1_18' title='bbox 601 1182 712 1244; x_wconf 91' lang='lat' dir='ltr'>totum</span> <span class='ocrx_word' id='word_1_19' title='bbox 734 1179 770 1243; x_wconf 91' lang='lat' dir='ltr'>id</span> <span class='ocrx_word' id='word_1_20' title='bbox 792 1179 881 1264; x_wconf 91' lang='lat' dir='ltr'>quod</span> <span class='ocrx_word' id='word_1_21' title='bbox 909 1179 1021 1244; x_wconf 85' lang='lat' dir='ltr'>anima</span> <span class='ocrx_word' id='word_1_22' title='bbox 1042 1184 1155 1245; x_wconf 89' lang='lat' dir='ltr'>vestra</span> <span class='ocrx_word' id='word_1_23' title='bbox 1176 1179 1340 1246; x_wconf 86' lang='lat' dir='ltr'>desidera-</span> 
     </span>
     <span class='ocr_line' id='line_1_4' title="bbox 294 1279 1341 1370; baseline 0.005 -26"><span class='ocrx_word' id='word_1_24' title='bbox 294 1279 385 1344; x_wconf 87' lang='lat' dir='ltr'>“vit</span> <span class='ocrx_word' id='word_1_25' title='bbox 407 1300 503 1365; x_wconf 84' lang='lat' dir='ltr'>super</span> <span class='ocrx_word' id='word_1_26' title='bbox 525 1279 672 1366; x_wconf 87' lang='lat' dir='ltr'>personis</span> <span class='ocrx_word' id='word_1_27' title='bbox 696 1301 817 1346; x_wconf 87' lang='lat' dir='ltr'>eorum.</span> <span class='ocrx_word' id='word_1_28' title='bbox 863 1279 1017 1361; x_wconf 76' lang='lat' dir='ltr'>eriescat</span> <span class='ocrx_word' id='word_1_29' title='bbox 1046 1281 1150 1368; x_wconf 81' lang='lat' dir='ltr'>igitur</span> <span class='ocrx_word' id='word_1_30' title='bbox 1171 1303 1230 1370; x_wconf 90' lang='lat' dir='ltr'>pro</span> <span class='ocrx_word' id='word_1_31' title='bbox 1252 1304 1341 1349; x_wconf 88' lang='lat' dir='ltr'>nunc</span> 
     </span>
     <span class='ocr_line' id='line_1_5' title="bbox 295 1381 1338 1471; baseline 0.004 -25"><span class='ocrx_word' id='word_1_32' title='bbox 295 1387 313 1416; x_wconf 82' lang='lat'>‘⁶</span> <span class='ocrx_word' id='word_1_33' title='bbox 335 1385 446 1447; x_wconf 87' lang='lat' dir='ltr'>vestra</span> <span class='ocrx_word' id='word_1_34' title='bbox 468 1381 525 1460; x_wconf 89' lang='lat' dir='ltr'>ira,</span> <span class='ocrx_word' id='word_1_35' title='bbox 550 1403 610 1448; x_wconf 88' lang='lat' dir='ltr'>nec</span> <span class='ocrx_word' id='word_1_36' title='bbox 638 1381 779 1448; x_wconf 86' lang='lat' dir='ltr'>ulterius</span> <span class='ocrx_word' id='word_1_37' title='bbox 810 1381 969 1448; x_wconf 83' lang='lat' dir='ltr'>desaeviat</span> <span class='ocrx_word' id='word_1_38' title='bbox 990 1383 1026 1446; x_wconf 90' lang='lat' dir='ltr'>in</span> <span class='ocrx_word' id='word_1_39' title='bbox 1052 1404 1165 1447; x_wconf 92' lang='lat' dir='ltr'>eorum</span> <span class='ocrx_word' id='word_1_40' title='bbox 1195 1405 1338 1471; x_wconf 83' lang='lat' dir='ltr'>corpora,</span> 
     </span>
     <span class='ocr_line' id='line_1_6' title="bbox 294 1483 1338 1570; baseline 0.005 -22"><span class='ocrx_word' id='word_1_41' title='bbox 294 1491 312 1516; x_wconf 91' lang='lat'><strong>“</strong></span> <span class='ocrx_word' id='word_1_42' title='bbox 334 1504 409 1548; x_wconf 90' lang='lat' dir='ltr'>cum</span> <span class='ocrx_word' id='word_1_43' title='bbox 424 1484 728 1570; x_wconf 88' lang='lat' dir='ltr'>compassionantur</span> <span class='ocrx_word' id='word_1_44' title='bbox 743 1483 923 1570; x_wconf 85' lang='lat' dir='ltr'>plurimum</span> <span class='ocrx_word' id='word_1_45' title='bbox 939 1504 1051 1550; x_wconf 88' lang='lat' dir='ltr'>omnes</span> <span class='ocrx_word' id='word_1_46' title='bbox 1066 1490 1338 1570; x_wconf 74' lang='lat' dir='ltr'>pertranseuntes,</span> 
     </span>
     <span class='ocr_line' id='line_1_7' title="bbox 295 1585 1337 1672; baseline 0.005 -24"><span class='ocrx_word' id='word_1_47' title='bbox 295 1591 312 1617; x_wconf 88' lang='lat'>“</span> <span class='ocrx_word' id='word_1_48' title='bbox 334 1589 375 1662; x_wconf 90' lang='lat' dir='ltr'>et,</span> <span class='ocrx_word' id='word_1_49' title='bbox 392 1585 489 1650; x_wconf 91' lang='lat' dir='ltr'>sicuti</span> <span class='ocrx_word' id='word_1_50' title='bbox 504 1585 602 1650; x_wconf 92' lang='lat' dir='ltr'>modo</span> <span class='ocrx_word' id='word_1_51' title='bbox 611 1585 733 1672; x_wconf 88' lang='lat' dir='ltr'>jacent,</span> <span class='ocrx_word' id='word_1_52' title='bbox 749 1585 1009 1672; x_wconf 85' lang='lat' dir='ltr'>contemplantes</span> <span class='ocrx_word' id='word_1_53' title='bbox 1023 1606 1069 1651; x_wconf 80' lang='lat' dir='ltr'>ea.</span> <span class='ocrx_word' id='word_1_54' title='bbox 1115 1585 1139 1651; x_wconf 89' lang='lat' dir='ltr'><strong>J</strong></span> <span class='ocrx_word' id='word_1_55' title='bbox 1139 1593 1234 1652; x_wconf 89' lang='lat' dir='ltr'>aoent</span> <span class='ocrx_word' id='word_1_56' title='bbox 1250 1589 1337 1653; x_wconf 89' lang='lat' dir='ltr'>enim</span> 
     </span>
     <span class='ocr_line' id='line_1_8' title="bbox 293 1685 1337 1774; baseline 0.006 -25"><span class='ocrx_word' id='word_1_57' title='bbox 293 1691 310 1718; x_wconf 90' lang='lat'><strong>“</strong></span> <span class='ocrx_word' id='word_1_58' title='bbox 332 1706 391 1771; x_wconf 93' lang='lat' dir='ltr'>pro</span> <span class='ocrx_word' id='word_1_59' title='bbox 413 1707 502 1752; x_wconf 89' lang='lat' dir='ltr'>nunc</span> <span class='ocrx_word' id='word_1_60' title='bbox 524 1686 622 1752; x_wconf 87' lang='lat' dir='ltr'>modo</span> <span class='ocrx_word' id='word_1_61' title='bbox 645 1685 897 1774; x_wconf 87' lang='lat' dir='ltr'>despectissimo,</span> <span class='ocrx_word' id='word_1_62' title='bbox 912 1687 1094 1774; x_wconf 86' lang='lat' dir='ltr'>despoliata</span> <span class='ocrx_word' id='word_1_63' title='bbox 1111 1688 1219 1767; x_wconf 86' lang='lat' dir='ltr'>armis,</span> <span class='ocrx_word' id='word_1_64' title='bbox 1235 1689 1337 1755; x_wconf 88' lang='lat' dir='ltr'>denu-</span> 
     </span>
     <span class='ocr_line' id='line_1_9' title="bbox 293 1787 1338 1876; baseline 0.005 -25"><span class='ocrx_word' id='word_1_65' title='bbox 293 1793 309 1820; x_wconf 93' lang='lat'><strong>“</strong></span> <span class='ocrx_word' id='word_1_66' title='bbox 331 1787 411 1852; x_wconf 85' lang='lat' dir='ltr'>data</span> <span class='ocrx_word' id='word_1_67' title='bbox 440 1788 596 1866; x_wconf 85' lang='lat' dir='ltr'>vestibus,</span> <span class='ocrx_word' id='word_1_68' title='bbox 619 1788 743 1874; x_wconf 86' lang='lat' dir='ltr'>absque</span> <span class='ocrx_word' id='word_1_69' title='bbox 766 1789 919 1874; x_wconf 88' lang='lat' dir='ltr'>omnique</span> <span class='ocrx_word' id='word_1_70' title='bbox 953 1789 1086 1875; x_wconf 88' lang='lat' dir='ltr'>penitus</span> <span class='ocrx_word' id='word_1_71' title='bbox 1116 1790 1318 1876; x_wconf 89' lang='lat' dir='ltr'>operimento</span> <span class='ocrx_word' id='word_1_72' title='bbox 1330 1815 1338 1872; x_wconf 91' lang='lat'>;</span> 
     </span>
     <span class='ocr_line' id='line_1_10' title="bbox 292 1891 1337 1981; baseline 0.002 -25"><span class='ocrx_word' id='word_1_73' title='bbox 292 1895 311 1922; x_wconf 88' lang='lat'><strong>“</strong></span> <span class='ocrx_word' id='word_1_74' title='bbox 334 1910 530 1976; x_wconf 81' lang='lat' dir='ltr'>causamque</span> <span class='ocrx_word' id='word_1_75' title='bbox 561 1912 615 1957; x_wconf 88' lang='lat' dir='ltr'>eos</span> <span class='ocrx_word' id='word_1_76' title='bbox 645 1891 692 1956; x_wconf 91' lang='lat' dir='ltr'>sic</span> <span class='ocrx_word' id='word_1_77' title='bbox 717 1892 824 1978; x_wconf 88' lang='lat' dir='ltr'>jacere</span> <span class='ocrx_word' id='word_1_78' title='bbox 854 1891 993 1956; x_wconf 83' lang='lat' dir='ltr'>ulterius</span> <span class='ocrx_word' id='word_1_79' title='bbox 1015 1913 1082 1957; x_wconf 86' lang='lat' dir='ltr'>non</span> <span class='ocrx_word' id='word_1_80' title='bbox 1105 1897 1156 1957; x_wconf 89' lang='lat' dir='ltr'>est</span> <span class='ocrx_word' id='word_1_81' title='bbox 1178 1915 1259 1979; x_wconf 88' lang='lat' dir='ltr'>opus</span> <span class='ocrx_word' id='word_1_82' title='bbox 1289 1894 1337 1981; x_wconf 91' lang='lat' dir='ltr'>pii</span> 
     </span>
     <span class='ocr_line' id='line_1_11' title="bbox 292 1990 1335 2079; baseline 0.004 -23"><span class='ocrx_word' id='word_1_83' title='bbox 292 1999 308 2025; x_wconf 84' lang='lat'>‘⁴</span> <span class='ocrx_word' id='word_1_84' title='bbox 330 1992 495 2079; x_wconf 89' lang='lat' dir='ltr'>principis,</span> <span class='ocrx_word' id='word_1_85' title='bbox 517 1991 643 2059; x_wconf 89' lang='lat' dir='ltr'>1immo</span> <span class='ocrx_word' id='word_1_86' title='bbox 673 1993 791 2071; x_wconf 88' lang='lat' dir='ltr'>verius,</span> <span class='ocrx_word' id='word_1_87' title='bbox 821 1993 958 2059; x_wconf 88' lang='lat' dir='ltr'>alterius</span> <span class='ocrx_word' id='word_1_88' title='bbox 984 1990 1144 2078; x_wconf 74' lang='lat' dir='ltr'>²tyranni</span> <span class='ocrx_word' id='word_1_89' title='bbox 1174 1993 1335 2074; x_wconf 79' lang='lat' dir='ltr'>Creontis,</span> 
     </span>
     <span class='ocr_line' id='line_1_12' title="bbox 291 2093 1338 2182; baseline 0.004 -24"><span class='ocrx_word' id='word_1_90' title='bbox 291 2102 307 2128; x_wconf 82' lang='lat'>‘⁶</span> <span class='ocrx_word' id='word_1_91' title='bbox 330 2093 396 2179; x_wconf 92' lang='lat' dir='ltr'>qui,</span> <span class='ocrx_word' id='word_1_92' title='bbox 411 2100 545 2181; x_wconf 89' lang='lat' dir='ltr'>propter</span> <span class='ocrx_word' id='word_1_93' title='bbox 565 2094 689 2160; x_wconf 85' lang='lat' dir='ltr'>lactum</span> <span class='ocrx_word' id='word_1_94' title='bbox 712 2094 826 2170; x_wconf 90' lang='lat' dir='ltr'>simile,</span> <span class='ocrx_word' id='word_1_95' title='bbox 843 2093 1020 2182; x_wconf 75' lang='lat' dir='ltr'>cogebatur</span> <span class='ocrx_word' id='word_1_96' title='bbox 1043 2117 1100 2182; x_wconf 89' lang='lat' dir='ltr'>per</span> <span class='ocrx_word' id='word_1_97' title='bbox 1123 2095 1238 2162; x_wconf 90' lang='lat' dir='ltr'>ducem</span> <span class='ocrx_word' id='word_1_98' title='bbox 1254 2097 1338 2162; x_wconf 85' lang='lat' dir='ltr'>The-</span> 
     </span>
     <span class='ocr_line' id='line_1_13' title="bbox 291 2195 1337 2284; baseline 0.004 -24"><span class='ocrx_word' id='word_1_99' title='bbox 291 2200 307 2228; x_wconf 89' lang='lat'>“</span> <span class='ocrx_word' id='word_1_100' title='bbox 331 2195 417 2260; x_wconf 85' lang='lat' dir='ltr'>sium</span> <span class='ocrx_word' id='word_1_101' title='bbox 432 2217 576 2282; x_wconf 87' lang='lat' dir='ltr'>congrua</span> <span class='ocrx_word' id='word_1_102' title='bbox 591 2197 708 2261; x_wconf 89' lang='lat' dir='ltr'>mortis</span> <span class='ocrx_word' id='word_1_103' title='bbox 723 2196 882 2282; x_wconf 87' lang='lat' dir='ltr'>supplicia</span> <span class='ocrx_word' id='word_1_104' title='bbox 897 2197 1066 2262; x_wconf 87' lang='lat' dir='ltr'>sustinere.</span> <span class='ocrx_word' id='word_1_105' title='bbox 1113 2197 1231 2284; x_wconf 83' lang='lat' dir='ltr'>Impia,</span> <span class='ocrx_word' id='word_1_106' title='bbox 1243 2199 1337 2264; x_wconf 88' lang='lat' dir='ltr'>Prin·</span> 
     </span>
     <span class='ocr_line' id='line_1_14' title="bbox 290 2298 1338 2385; baseline 0.005 -24"><span class='ocrx_word' id='word_1_107' title='bbox 290 2304 308 2330; x_wconf 87' lang='lat'><strong>“</strong></span> <span class='ocrx_word' id='word_1_108' title='bbox 330 2317 411 2383; x_wconf 88' lang='lat' dir='ltr'>ceps,</span> <span class='ocrx_word' id='word_1_109' title='bbox 427 2301 478 2362; x_wconf 81' lang='lat' dir='ltr'>est</span> <span class='ocrx_word' id='word_1_110' title='bbox 492 2298 604 2384; x_wconf 87' lang='lat' dir='ltr'>potius</span> <span class='ocrx_word' id='word_1_111' title='bbox 626 2299 756 2364; x_wconf 83' lang='lat' dir='ltr'>saevitia</span> <span class='ocrx_word' id='word_1_112' title='bbox 778 2318 877 2383; x_wconf 87' lang='lat' dir='ltr'>quam</span> <span class='ocrx_word' id='word_1_113' title='bbox 899 2298 956 2385; x_wconf 89' lang='lat' dir='ltr'>pia</span> <span class='ocrx_word' id='word_1_114' title='bbox 970 2299 1117 2378; x_wconf 88' lang='lat' dir='ltr'>victoria,</span> <span class='ocrx_word' id='word_1_115' title='bbox 1131 2321 1231 2385; x_wconf 88' lang='lat' dir='ltr'>quum</span> <span class='ocrx_word' id='word_1_116' title='bbox 1246 2301 1338 2366; x_wconf 91' lang='lat' dir='ltr'>nulla</span> 
     </span>
     <span class='ocr_line' id='line_1_15' title="bbox 290 2396 1337 2488; baseline 0.004 -25"><span class='ocrx_word' id='word_1_117' title='bbox 290 2403 308 2430; x_wconf 73' lang='lat'>‘⁸</span> <span class='ocrx_word' id='word_1_118' title='bbox 331 2399 539 2484; x_wconf 78' lang='lat' dir='ltr'>consequitur</span> <span class='ocrx_word' id='word_1_119' title='bbox 554 2399 794 2479; x_wconf 84' lang='lat' dir='ltr'>misericordia;</span> <span class='ocrx_word' id='word_1_120' title='bbox 816 2396 1098 2487; x_wconf 84' lang='lat' dir='ltr'>³damnabilisque</span> <span class='ocrx_word' id='word_1_121' title='bbox 1117 2401 1221 2488; x_wconf 85' lang='lat' dir='ltr'>magis</span> <span class='ocrx_word' id='word_1_122' title='bbox 1237 2423 1337 2488; x_wconf 88' lang='lat' dir='ltr'>quam</span> 
     </span>
     <span class='ocr_line' id='line_1_16' title="bbox 291 2499 1337 2590; baseline 0.005 -26"><span class='ocrx_word' id='word_1_123' title='bbox 291 2505 310 2533; x_wconf 90' lang='lat'><strong>“</strong></span> <span class='ocrx_word' id='word_1_124' title='bbox 332 2499 506 2565; x_wconf 84' lang='lat' dir='ltr'>laudabilis</span> <span class='ocrx_word' id='word_1_125' title='bbox 529 2500 585 2566; x_wconf 87' lang='lat' dir='ltr'>ille</span> <span class='ocrx_word' id='word_1_126' title='bbox 607 2501 803 2588; x_wconf 87' lang='lat' dir='ltr'>triumphus,</span> <span class='ocrx_word' id='word_1_127' title='bbox 827 2501 885 2586; x_wconf 93' lang='lat' dir='ltr'>qui</span> <span class='ocrx_word' id='word_1_128' title='bbox 908 2521 981 2567; x_wconf 92' lang='lat' dir='ltr'>cum</span> <span class='ocrx_word' id='word_1_129' title='bbox 1012 2501 1048 2565; x_wconf 89' lang='lat' dir='ltr'>in</span> <span class='ocrx_word' id='word_1_130' title='bbox 1071 2503 1233 2588; x_wconf 82' lang='lat' dir='ltr'>prosperis</span> <span class='ocrx_word' id='word_1_131' title='bbox 1263 2526 1337 2590; x_wconf 88' lang='lat' dir='ltr'>per·</span> 
     </span>
     <span class='ocr_line' id='line_1_17' title="bbox 291 2602 1337 2690; baseline 0.004 -23"><span class='ocrx_word' id='word_1_132' title='bbox 291 2609 308 2634; x_wconf 84' lang='lat'>‘⁴</span> <span class='ocrx_word' id='word_1_133' title='bbox 330 2606 395 2667; x_wconf 85' lang='lat' dir='ltr'>stet</span> <span class='ocrx_word' id='word_1_134' title='bbox 417 2603 577 2680; x_wconf 88' lang='lat' dir='ltr'>terminis,</span> <span class='ocrx_word' id='word_1_135' title='bbox 601 2603 704 2668; x_wconf 88' lang='lat' dir='ltr'>nescit</span> <span class='ocrx_word' id='word_1_136' title='bbox 734 2604 897 2688; x_wconf 84' lang='lat' dir='ltr'>posterius</span> <span class='ocrx_word' id='word_1_137' title='bbox 922 2602 1069 2690; x_wconf 85' lang='lat' dir='ltr'>gladium</span> <span class='ocrx_word' id='word_1_138' title='bbox 1092 2609 1280 2670; x_wconf 88' lang='lat' dir='ltr'>convertere</span> <span class='ocrx_word' id='word_1_139' title='bbox 1300 2605 1337 2671; x_wconf 92' lang='lat' dir='ltr'>in</span> 
     </span>
     <span class='ocr_line' id='line_1_18' title="bbox 291 2704 1338 2793; baseline 0.006 -25"><span class='ocrx_word' id='word_1_140' title='bbox 291 2709 309 2737; x_wconf 90' lang='lat'><strong>“</strong></span> <span class='ocrx_word' id='word_1_141' title='bbox 332 2704 495 2790; x_wconf 82' lang='lat' dir='ltr'>vaginam,</span> <span class='ocrx_word' id='word_1_142' title='bbox 511 2725 775 2791; x_wconf 86' lang='lat' dir='ltr'>compescereque</span> <span class='ocrx_word' id='word_1_143' title='bbox 798 2704 952 2790; x_wconf 88' lang='lat' dir='ltr'>spiritum</span> <span class='ocrx_word' id='word_1_144' title='bbox 973 2705 1118 2772; x_wconf 84' lang='lat' dir='ltr'>ultionis.</span> <span class='ocrx_word' id='word_1_145' title='bbox 1163 2705 1282 2793; x_wconf 84' lang='lat' dir='ltr'>igitur,</span> <span class='ocrx_word' id='word_1_146' title='bbox 1299 2714 1338 2774; x_wconf 90' lang='lat' dir='ltr'>ut</span> 
     </span>
     <span class='ocr_line' id='line_1_19' title="bbox 289 2805 1336 2895; baseline 0.006 -25"><span class='ocrx_word' id='word_1_147' title='bbox 289 2810 309 2840; x_wconf 92' lang='lat'><strong>“</strong></span> <span class='ocrx_word' id='word_1_148' title='bbox 330 2805 385 2890; x_wconf 87' lang='lat' dir='ltr'>pia</span> <span class='ocrx_word' id='word_1_149' title='bbox 407 2806 537 2872; x_wconf 88' lang='lat' dir='ltr'>dicatur</span> <span class='ocrx_word' id='word_1_150' title='bbox 560 2812 671 2872; x_wconf 83' lang='lat' dir='ltr'>vestra</span> <span class='ocrx_word' id='word_1_151' title='bbox 686 2807 834 2885; x_wconf 88' lang='lat' dir='ltr'>victoria,</span> <span class='ocrx_word' id='word_1_152' title='bbox 849 2805 1025 2871; x_wconf 86' lang='lat' dir='ltr'>laudabilis</span> <span class='ocrx_word' id='word_1_153' title='bbox 1039 2828 1118 2872; x_wconf 89' lang='lat' dir='ltr'>vero</span> <span class='ocrx_word' id='word_1_154' title='bbox 1139 2809 1336 2895; x_wconf 68' lang='lat' dir='ltr'>triumphus</span> 
     </span>
     <span class='ocr_line' id='line_1_20' title="bbox 289 2908 1337 2998; baseline 0.004 -26"><span class='ocrx_word' id='word_1_155' title='bbox 289 2910 308 2940; x_wconf 89' lang='lat'><strong>“</strong></span> <span class='ocrx_word' id='word_1_156' title='bbox 330 2908 366 2972; x_wconf 90' lang='lat' dir='ltr'>in</span> <span class='ocrx_word' id='word_1_157' title='bbox 387 2929 469 2994; x_wconf 92' lang='lat' dir='ltr'>opus</span> <span class='ocrx_word' id='word_1_158' title='bbox 491 2908 662 2986; x_wconf 89' lang='lat' dir='ltr'>bonitatis,</span> <span class='ocrx_word' id='word_1_159' title='bbox 685 2908 911 2996; x_wconf 85' lang='lat' dir='ltr'>benignitatis,</span> <span class='ocrx_word' id='word_1_160' title='bbox 934 2915 969 2974; x_wconf 90' lang='lat' dir='ltr'>et</span> <span class='ocrx_word' id='word_1_161' title='bbox 990 2908 1180 2986; x_wconf 87' lang='lat' dir='ltr'>clementiae,</span> <span class='ocrx_word' id='word_1_162' title='bbox 1196 2911 1233 2980; x_wconf 89' lang='lat' dir='ltr'>in</span> <span class='ocrx_word' id='word_1_163' title='bbox 1255 2932 1337 2998; x_wconf 84' lang='lat' dir='ltr'>opus</span> 
     </span>
     <span class='ocr_line' id='line_1_21' title="bbox 289 3009 1337 3098; baseline 0.005 -24"><span class='ocrx_word' id='word_1_164' title='bbox 289 3017 307 3042; x_wconf 91' lang='lat'><strong>“</strong></span> <span class='ocrx_word' id='word_1_165' title='bbox 330 3009 484 3088; x_wconf 84' lang='lat' dir='ltr'>caritatis,</span> <span class='ocrx_word' id='word_1_166' title='bbox 500 3011 643 3096; x_wconf 83' lang='lat' dir='ltr'>pietatis,</span> <span class='ocrx_word' id='word_1_167' title='bbox 659 3016 693 3076; x_wconf 88' lang='lat' dir='ltr'>et</span> <span class='ocrx_word' id='word_1_168' title='bbox 711 3011 947 3090; x_wconf 72' lang='lat' dir='ltr'>misericordiae,</span> <span class='ocrx_word' id='word_1_169' title='bbox 961 3010 997 3074; x_wconf 89' lang='lat' dir='ltr'>in</span> <span class='ocrx_word' id='word_1_170' title='bbox 1011 3031 1093 3097; x_wconf 90' lang='lat' dir='ltr'>opus</span> <span class='ocrx_word' id='word_1_171' title='bbox 1108 3011 1231 3096; x_wconf 88' lang='lat' dir='ltr'>utique,</span> <span class='ocrx_word' id='word_1_172' title='bbox 1249 3014 1337 3098; x_wconf 90' lang='lat' dir='ltr'>quod</span> 
     </span>
     <span class='ocr_line' id='line_1_22' title="bbox 291 3111 1336 3200; baseline 0.004 -24"><span class='ocrx_word' id='word_1_173' title='bbox 291 3119 308 3145; x_wconf 90' lang='lat'><strong><em>“</em></strong></span> <span class='ocrx_word' id='word_1_174' title='bbox 330 3111 375 3177; x_wconf 91' lang='lat' dir='ltr'>sit</span> <span class='ocrx_word' id='word_1_175' title='bbox 396 3111 556 3198; x_wconf 88' lang='lat' dir='ltr'>placitum</span> <span class='ocrx_word' id='word_1_176' title='bbox 574 3112 709 3200; x_wconf 86' lang='lat' dir='ltr'>angelis,</span> <span class='ocrx_word' id='word_1_177' title='bbox 723 3117 856 3200; x_wconf 85' lang='lat' dir='ltr'>gratum</span> <span class='ocrx_word' id='word_1_178' title='bbox 878 3111 1076 3190; x_wconf 89' lang='lat' dir='ltr'>hominibus,</span> <span class='ocrx_word' id='word_1_179' title='bbox 1100 3113 1209 3198; x_wconf 87' lang='lat' dir='ltr'>sicque</span> <span class='ocrx_word' id='word_1_180' title='bbox 1225 3135 1336 3181; x_wconf 89' lang='lat' dir='ltr'>carum</span> 
     </span>
     <span class='ocr_line' id='line_1_23' title="bbox 292 3213 1337 3302; baseline 0.006 -25"><span class='ocrx_word' id='word_1_181' title='bbox 292 3220 308 3246; x_wconf 89' lang='lat'><strong>“</strong></span> <span class='ocrx_word' id='word_1_182' title='bbox 330 3213 409 3291; x_wconf 84' lang='lat' dir='ltr'>Deo,</span> <span class='ocrx_word' id='word_1_183' title='bbox 431 3218 465 3278; x_wconf 89' lang='lat' dir='ltr'>et</span> <span class='ocrx_word' id='word_1_184' title='bbox 488 3219 666 3301; x_wconf 88' lang='lat' dir='ltr'>acceptum,</span> <span class='ocrx_word' id='word_1_185' title='bbox 682 3214 770 3300; x_wconf 89' lang='lat' dir='ltr'>quod</span> <span class='ocrx_word' id='word_1_186' title='bbox 793 3215 837 3280; x_wconf 87' lang='lat' dir='ltr'>sit</span> <span class='ocrx_word' id='word_1_187' title='bbox 859 3213 995 3300; x_wconf 85' lang='lat' dir='ltr'>dignum</span> <span class='ocrx_word' id='word_1_188' title='bbox 1019 3215 1156 3301; x_wconf 81' lang='lat' dir='ltr'>praemio</span> <span class='ocrx_word' id='word_1_189' title='bbox 1170 3223 1337 3302; x_wconf 84' lang='lat' dir='ltr'>perpetuae</span> 
     </span>
     <span class='ocr_line' id='line_1_24' title="bbox 291 3315 1338 3406; baseline 0.006 -28"><span class='ocrx_word' id='word_1_190' title='bbox 291 3323 307 3348; x_wconf 82' lang='lat'>‘⁴</span> <span class='ocrx_word' id='word_1_191' title='bbox 329 3316 611 3406; x_wconf 57' lang='lat' dir='ltr'>remunerap&#39;onis,</span> <span class='ocrx_word' id='word_1_192' title='bbox 627 3316 763 3381; x_wconf 85' lang='lat' dir='ltr'>inclinet</span> <span class='ocrx_word' id='word_1_193' title='bbox 785 3316 933 3380; x_wconf 87' lang='lat' dir='ltr'>animum</span> <span class='ocrx_word' id='word_1_194' title='bbox 949 3315 1111 3402; x_wconf 88' lang='lat' dir='ltr'>Principis</span> <span class='ocrx_word' id='word_1_195' title='bbox 1134 3317 1192 3381; x_wconf 87' lang='lat' dir='ltr'>illa</span> <span class='ocrx_word' id='word_1_196' title='bbox 1211 3318 1338 3384; x_wconf 88' lang='lat' dir='ltr'>sincera</span> 
     </span>
     <span class='ocr_line' id='line_1_25' title="bbox 289 3416 1336 3508; baseline 0.007 -28"><span class='ocrx_word' id='word_1_197' title='bbox 289 3424 306 3450; x_wconf 90' lang='lat'><strong>“</strong></span> <span class='ocrx_word' id='word_1_198' title='bbox 327 3416 441 3503; x_wconf 83' lang='lat' dir='ltr'>pietas,</span> <span class='ocrx_word' id='word_1_199' title='bbox 458 3439 532 3502; x_wconf 84' lang='lat' dir='ltr'>quae</span> <span class='ocrx_word' id='word_1_200' title='bbox 555 3417 663 3484; x_wconf 84' lang='lat' dir='ltr'>elevat</span> <span class='ocrx_word' id='word_1_201' title='bbox 685 3419 864 3504; x_wconf 88' lang='lat' dir='ltr'>principem</span> <span class='ocrx_word' id='word_1_202' title='bbox 894 3439 993 3504; x_wconf 83' lang='lat' dir='ltr'>supra</span> <span class='ocrx_word' id='word_1_203' title='bbox 1016 3418 1191 3498; x_wconf 89' lang='lat' dir='ltr'>hominem,</span> <span class='ocrx_word' id='word_1_204' title='bbox 1213 3420 1336 3508; x_wconf 90' lang='lat' dir='ltr'>ipsum-</span> 
     </span>
     <span class='ocr_line' id='line_1_26' title="bbox 289 3519 1178 3606; baseline 0.001 -24"><span class='ocrx_word' id='word_1_205' title='bbox 289 3524 306 3551; x_wconf 91' lang='lat'><strong>“</strong></span> <span class='ocrx_word' id='word_1_206' title='bbox 329 3539 391 3603; x_wconf 89' lang='lat' dir='ltr'>que</span> <span class='ocrx_word' id='word_1_207' title='bbox 414 3539 489 3583; x_wconf 90' lang='lat' dir='ltr'>cum</span> <span class='ocrx_word' id='word_1_208' title='bbox 512 3519 587 3584; x_wconf 87' lang='lat' dir='ltr'>Diis</span> <span class='ocrx_word' id='word_1_209' title='bbox 609 3521 745 3606; x_wconf 79' lang='lat' dir='ltr'>magnis,</span> <span class='ocrx_word' id='word_1_210' title='bbox 764 3519 867 3604; x_wconf 79' lang='lat' dir='ltr'>juxte</span> <span class='ocrx_word' id='word_1_211' title='bbox 888 3519 973 3584; x_wconf 87' lang='lat' dir='ltr'>illud</span> <span class='ocrx_word' id='word_1_212' title='bbox 995 3520 1178 3599; x_wconf 88' lang='lat' dir='ltr'>metrici,-</span> 
     </span>
    </p>
   </div>
   <div class='ocr_carea' id='block_1_3' title="bbox 335 3641 1270 3733">
    <p class='ocr_par' dir='ltr' id='par_1_4' title="bbox 335 3641 1270 3733">
     <span class='ocr_line' id='line_1_27' title="bbox 335 3641 1270 3733; baseline 0.005 -28"><span class='ocrx_word' id='word_1_213' title='bbox 335 3649 352 3676; x_wconf 88' lang='lat'><strong>“</strong></span> <span class='ocrx_word' id='word_1_214' title='bbox 375 3641 525 3729; x_wconf 86' lang='lat' dir='ltr'>‘AEquat</span> <span class='ocrx_word' id='word_1_215' title='bbox 547 3643 727 3729; x_wconf 78' lang='lat' dir='ltr'>inaequales</span> <span class='ocrx_word' id='word_1_216' title='bbox 748 3665 809 3710; x_wconf 89' lang='lat' dir='ltr'>nos</span> <span class='ocrx_word' id='word_1_217' title='bbox 831 3644 906 3710; x_wconf 88' lang='lat' dir='ltr'>Diis</span> <span class='ocrx_word' id='word_1_218' title='bbox 929 3645 1103 3710; x_wconf 85' lang='lat' dir='ltr'>clementia</span> <span class='ocrx_word' id='word_1_219' title='bbox 1124 3647 1270 3733; x_wconf 83' lang='lat' dir='ltr'>magnis,’</span> 
     </span>
    </p>
   </div>
   <div class='ocr_carea' id='block_1_4' title="bbox 290 3767 1336 3857">
    <p class='ocr_par' dir='ltr' id='par_1_5' title="bbox 290 3767 1336 3857">
     <span class='ocr_line' id='line_1_28' title="bbox 290 3767 1336 3857; baseline 0.009 -28"><span class='ocrx_word' id='word_1_220' title='bbox 290 3767 405 3831; x_wconf 85' lang='lat' dir='ltr'>“vult</span> <span class='ocrx_word' id='word_1_221' title='bbox 435 3767 555 3832; x_wconf 85' lang='lat' dir='ltr'>habere</span> <span class='ocrx_word' id='word_1_222' title='bbox 589 3768 825 3854; x_wconf 66' lang='lat' dir='ltr'>aequalitatem,</span> <span class='ocrx_word' id='word_1_223' title='bbox 858 3769 958 3855; x_wconf 92' lang='lat' dir='ltr'>inque</span> <span class='ocrx_word' id='word_1_224' title='bbox 988 3768 1106 3835; x_wconf 92' lang='lat' dir='ltr'>horum</span> <span class='ocrx_word' id='word_1_225' title='bbox 1133 3772 1336 3857; x_wconf 86' lang='lat' dir='ltr'>sepulturam</span> 
     </span>
    </p>
   </div>
   <div class='ocr_carea' id='block_1_5' title="bbox 287 3870 1334 4035">
    <p class='ocr_par' dir='ltr' id='par_1_6' title="bbox 287 3870 1334 4035">
     <span class='ocr_line' id='line_1_29' title="bbox 289 3870 1334 3956; baseline 0.007 -23"><span class='ocrx_word' id='word_1_226' title='bbox 289 3877 498 3954; x_wconf 89' lang='lat' dir='ltr'>“corporum</span> <span class='ocrx_word' id='word_1_227' title='bbox 531 3891 573 3934; x_wconf 86' lang='lat' dir='ltr'>ex</span> <span class='ocrx_word' id='word_1_228' title='bbox 603 3871 726 3956; x_wconf 89' lang='lat' dir='ltr'>pietate</span> <span class='ocrx_word' id='word_1_229' title='bbox 758 3871 856 3937; x_wconf 90' lang='lat' dir='ltr'>modo</span> <span class='ocrx_word' id='word_1_230' title='bbox 888 3870 977 3937; x_wconf 87' lang='lat' dir='ltr'>dicto</span> <span class='ocrx_word' id='word_1_231' title='bbox 1007 3871 1203 3937; x_wconf 85' lang='lat' dir='ltr'>clementius</span> <span class='ocrx_word' id='word_1_232' title='bbox 1224 3895 1334 3940; x_wconf 85' lang='lat' dir='ltr'>assen-</span> 
     </span>
     <span class='ocr_line' id='line_1_30' title="bbox 287 3969 448 4035; baseline 0.006 -1"><span class='ocrx_word' id='word_1_233' title='bbox 287 3973 306 4004; x_wconf 91' lang='lat'><strong>“</strong></span> <span class='ocrx_word' id='word_1_234' title='bbox 328 3969 448 4035; x_wconf 85' lang='lat' dir='ltr'>tiatis.’&#39;</span> 
     </span>
    </p>
   </div>
   <div class='ocr_carea' id='block_1_6' title="bbox 330 4069 1492 4162">
    <p class='ocr_par' dir='ltr' id='par_1_7' title="bbox 330 4069 1492 4162">
     <span class='ocr_line' id='line_1_31' title="bbox 330 4069 1492 4162; baseline 0.009 -26"><span class='ocrx_word' id='word_1_235' title='bbox 330 4069 442 4154; x_wconf 75' lang='lat' dir='ltr'>⁴Dux,</span> <span class='ocrx_word' id='word_1_236' title='bbox 465 4073 529 4138; x_wconf 89' lang='lat' dir='ltr'>hiis</span> <span class='ocrx_word' id='word_1_237' title='bbox 552 4073 695 4139; x_wconf 83' lang='lat' dir='ltr'>Abbatia</span> <span class='ocrx_word' id='word_1_238' title='bbox 718 4075 921 4141; x_wconf 90' lang='lat' dir='ltr'>sermonibus</span> <span class='ocrx_word' id='word_1_239' title='bbox 950 4076 992 4157; x_wconf 85' lang='lat' dir='ltr'>ad</span> <span class='ocrx_word' id='word_1_240' title='bbox 1014 4076 1173 4162; x_wconf 86' lang='lat' dir='ltr'>pietatem</span> <span class='ocrx_word' id='word_1_241' title='bbox 1195 4077 1333 4142; x_wconf 90' lang='lat' dir='ltr'>inclina·</span> <span class='ocrx_word' id='word_1_242' title='bbox 1347 4093 1403 4144; x_wconf 75' lang='lat' dir='ltr'>The</span> <span class='ocrx_word' id='word_1_243' title='bbox 1416 4095 1492 4146; x_wconf 81' lang='lat' dir='ltr'>Duke</span> 
     </span>
    </p>
   </div>
   <div class='ocr_carea' id='block_1_7' title="bbox 286 4159 1470 4290">
    <p class='ocr_par' dir='ltr' id='par_1_8' title="bbox 286 4159 1470 4290">
     <span class='ocr_line' id='line_1_32' title="bbox 286 4159 1470 4290; baseline 0.011 -54"><span class='ocrx_word' id='word_1_244' title='bbox 286 4177 350 4250; x_wconf 87' lang='lat' dir='ltr'>tus,</span> <span class='ocrx_word' id='word_1_245' title='bbox 373 4195 450 4240; x_wconf 86' lang='lat' dir='ltr'>mox</span> <span class='ocrx_word' id='word_1_246' title='bbox 472 4196 602 4241; x_wconf 86' lang='lat' dir='ltr'>omnem</span> <span class='ocrx_word' id='word_1_247' title='bbox 634 4177 737 4242; x_wconf 83' lang='lat' dir='ltr'>felleas</span> <span class='ocrx_word' id='word_1_248' title='bbox 771 4178 994 4266; x_wconf 88' lang='lat' dir='ltr'>dispositionis</span> <span class='ocrx_word' id='word_1_249' title='bbox 1024 4199 1192 4243; x_wconf 83' lang='lat' dir='ltr'>rancorem</span> <span class='ocrx_word' id='word_1_250' title='bbox 1226 4179 1263 4242; x_wconf 91' lang='lat' dir='ltr'>in</span> <span class='ocrx_word' id='word_1_251' title='bbox 1290 4201 1332 4248; x_wconf 84' lang='lat' dir='ltr'>ea</span> <span class='ocrx_word' id='word_1_252' title='bbox 1346 4159 1470 4290; x_wconf 56' lang='lat' dir='ltr'>{ffl‘d</span> 
     </span>
    </p>
   </div>
   <div class='ocr_carea' id='block_1_8' title="bbox 285 4277 1502 4424">
    <p class='ocr_par' dir='ltr' id='par_1_9' title="bbox 285 4277 1502 4424">
     <span class='ocr_line' id='line_1_33' title="bbox 285 4277 1502 4423; baseline 0.003 -83"><span class='ocrx_word' id='word_1_253' title='bbox 285 4279 379 4360; x_wconf 83' lang='lat' dir='ltr'>parte</span> <span class='ocrx_word' id='word_1_254' title='bbox 401 4277 555 4363; x_wconf 87' lang='lat' dir='ltr'>seposuit,</span> <span class='ocrx_word' id='word_1_255' title='bbox 577 4279 805 4366; x_wconf 87' lang='lat' dir='ltr'>consensitque</span> <span class='ocrx_word' id='word_1_256' title='bbox 827 4280 969 4345; x_wconf 89' lang='lat' dir='ltr'>multum</span> <span class='ocrx_word' id='word_1_257' title='bbox 992 4279 1134 4366; x_wconf 85' lang='lat' dir='ltr'>benigne</span> <span class='ocrx_word' id='word_1_258' title='bbox 1156 4279 1192 4344; x_wconf 91' lang='lat' dir='ltr'>iu</span> <span class='ocrx_word' id='word_1_259' title='bbox 1214 4279 1331 4346; x_wconf 90' lang='lat' dir='ltr'>horum</span> <span class='ocrx_word' id='word_1_260' title='bbox 1345 4293 1502 4423; x_wconf 48' lang='lat' dir='ltr'>msam</span> 
     </span>
     <span class='ocr_line' id='line_1_34' title="bbox 1435 4397 1443 4424; baseline 0 0"><span class='ocrx_word' id='word_1_261' title='bbox 1435 4397 1443 4424; x_wconf 73' lang='grc' dir='ltr'>Ι</span> 
     </span>
    </p>
   </div>
   <div class='ocr_carea' id='block_1_9' title="bbox 316 4513 1334 4823">
    <p class='ocr_par' dir='ltr' id='par_1_10' title="bbox 317 4513 1334 4743">
     <span class='ocr_line' id='line_1_35' title="bbox 318 4513 1334 4587; baseline 0.009 -23"><span class='ocrx_word' id='word_1_262' title='bbox 318 4513 325 4546; x_wconf 91' lang='lat'>¹</span> <span class='ocrx_word' id='word_1_263' title='bbox 334 4515 495 4577; x_wconf 68' lang='lat' dir='ltr'>ymanus·</span> <span class='ocrx_word' id='word_1_264' title='bbox 831 4521 933 4584; x_wconf 73' lang='lat' dir='ltr'>catria,</span> <span class='ocrx_word' id='word_1_265' title='bbox 944 4535 1019 4584; x_wconf 76' lang='lat' dir='ltr'>svper</span> <span class='ocrx_word' id='word_1_266' title='bbox 1030 4535 1076 4569; x_wconf 81' lang='lat' dir='ltr'>sua</span> <span class='ocrx_word' id='word_1_267' title='bbox 1087 4521 1223 4570; x_wconf 77' lang='lat' dir='ltr'>innocentia</span> <span class='ocrx_word' id='word_1_268' title='bbox 1235 4521 1260 4570; x_wconf 80' lang='lat' dir='ltr'>iu</span> <span class='ocrx_word' id='word_1_269' title='bbox 1274 4538 1334 4587; x_wconf 72' lang='lat' dir='ltr'>yrc-</span> 
     </span>
     <span class='ocr_line' id='line_1_36' title="bbox 317 4591 1333 4662; baseline 0.006 -19"><span class='ocrx_word' id='word_1_270' title='bbox 317 4591 431 4644; x_wconf 66' lang='lat' dir='ltr'>’mma&#39;</span> <span class='ocrx_word' id='word_1_271' title='bbox 440 4595 467 4647; x_wconf 87' lang='lat' dir='ltr'>in</span> <span class='ocrx_word' id='word_1_272' title='bbox 478 4595 535 4650; x_wconf 81' lang='lat' dir='ltr'>MS.</span> <span class='ocrx_word' id='word_1_273' title='bbox 832 4600 931 4649; x_wconf 69' lang='lat' dir='ltr'>cirrum</span> <span class='ocrx_word' id='word_1_274' title='bbox 953 4599 1054 4647; x_wconf 76' lang='lat' dir='ltr'>nominis</span> <span class='ocrx_word' id='word_1_275' title='bbox 1082 4599 1333 4662; x_wconf 70' lang='lat' dir='ltr'>infamatione—Su·</span> 
     </span>
     <span class='ocr_line' id='line_1_37' title="bbox 318 4671 1271 4743; baseline 0.009 -20"><span class='ocrx_word' id='word_1_276' title='bbox 318 4671 586 4740; x_wconf 69' lang='lat' dir='ltr'>&#39;dampnatilquuein</span> <span class='ocrx_word' id='word_1_277' title='bbox 598 4677 654 4730; x_wconf 76' lang='lat' dir='ltr'>uls.</span> <span class='ocrx_word' id='word_1_278' title='bbox 832 4677 997 4743; x_wconf 81' lang='lat' dir='ltr'>perscription</span> <span class='ocrx_word' id='word_1_279' title='bbox 1009 4675 1120 4727; x_wconf 84' lang='lat' dir='ltr'>tolblios</span> <span class='ocrx_word' id='word_1_280' title='bbox 1134 4680 1271 4732; x_wconf 71' lang='lat' dir='ltr'>lta-nb.</span> 
     </span>
    </p>

    <p class='ocr_par' dir='ltr' id='par_1_11' title="bbox 316 4751 788 4823">
     <span class='ocr_line' id='line_1_38' title="bbox 316 4751 788 4823; baseline 0.008 -19"><span class='ocrx_word' id='word_1_281' title='bbox 316 4751 328 4784; x_wconf 92' lang='lat'><strong>⁴</strong></span> <span class='ocrx_word' id='word_1_282' title='bbox 338 4751 565 4822; x_wconf 79' lang='lat' dir='ltr'>Declnmtioscclc</span> <span class='ocrx_word' id='word_1_283' title='bbox 571 4772 621 4823; x_wconf 81' lang='lat' dir='ltr'>pro</span> <span class='ocrx_word' id='word_1_284' title='bbox 627 4756 701 4808; x_wconf 75' lang='lat' dir='ltr'>Duce</span> <span class='ocrx_word' id='word_1_285' title='bbox 712 4755 788 4810; x_wconf 78' lang='lat' dir='ltr'>Glos-</span> 
     </span>
    </p>
   </div>
   <div class='ocr_carea' id='block_1_10' title="bbox 0 0 1796 5838">
    <p class='ocr_par' dir='ltr' id='par_1_12' title="bbox 0 0 1796 5838">
     <span class='ocr_line' id='line_1_39' title="bbox 0 0 1796 5838; baseline 0 3"><span class='ocrx_word' id='word_1_286' title='bbox 0 0 1796 5838; x_wconf 95' lang='lat' dir='ltr'> </span> 
     </span>
    </p>
   </div>
  </div>
 </body>
</html>
