3668 5842
439 867 504 930 230
775 876 974 927 nncrsrnuu
996 876 1153 926 nummu

271 1069 339 1122 ΑΒ·
354 1073 426 1121 ¹⁴⁵⁶·
441 1087 458 1115 “
482 1080 579 1162 dono,
603 1078 822 1157 feoffamento,
840 1077 1052 1158 concessione,
1073 1085 1108 1145 et
1130 1078 1388 1158 confirmatione,
1406 1097 1489 1166 prae-

441 1190 459 1218 “
483 1182 565 1248 dieti
582 1181 752 1268 Rudulphi
767 1181 913 1260 Botiller,
930 1203 968 1247 ac
989 1182 1014 1248 J
1015 1181 1154 1248 ohannis
1170 1180 1325 1263 ¹Hende,
1337 1179 1488 1269 junioris,

441 1292 459 1318 “
481 1285 657 1372 Armigeri‚
680 1283 791 1371 aliquo
816 1289 963 1372 tempore
985 1283 1099 1350 futuro
1130 1288 1225 1349 extra
1255 1283 1489 1372 possessionem

441 1396 458 1423 “
481 1387 596 1466 nostri,
618 1387 849 1474 praedictorum
878 1386 1023 1452 Abbatis
1046 1391 1081 1452 et
1108 1385 1309 1464 Conventus,
1333 1385 1387 1452 vel
1416 1406 1488 1451 suo-

442 1498 459 1524 “
482 1511 644 1556 sessorum
666 1493 862 1566 nostrorum,
877 1488 1005 1556 ratione
1027 1489 1165 1576 alicujus
1183 1489 1278 1576 juris,
1294 1487 1419 1570 clamei,
1435 1486 1490 1553 vel

441 1601 459 1628 ‘¹
480 1591 584 1671 tituli,
610 1591 688 1657 inde
718 1597 796 1658 ante
819 1591 932 1658 datam
958 1593 1172 1679 praesentium
1195 1591 1312 1669 habiti,
1338 1591 1488 1678 legitimo

441 1705 458 1732 “
481 1697 579 1763 modo
602 1696 747 1763 evictum
770 1695 825 1762 vel
847 1700 1075 1784 recuperatum
1097 1696 1209 1778 fuerit,
1231 1696 1355 1783 absque
1372 1693 1488 1760 fraude

440 1805 457 1834 “
481 1799 534 1865 vel
557 1798 673 1866 covina
694 1799 807 1878 nostri,
819 1799 1050 1886 praedictorum
1066 1798 1209 1865 Abbatis
1231 1804 1266 1865 et
1289 1797 1489 1875 Conventus,

441 1911 458 1938 “
481 1901 536 1969 vel
559 1921 779 1968 successorum
800 1907 998 1980 nostrorum,
1022 1901 1111 1988 quod
1140 1907 1265 1968 extunc
1286 1901 1370 1967 bene
1391 1898 1490 1966 liceat

442 2013 458 2040 “
480 2004 584 2084 nobis,
606 2004 754 2092 praefatis
769 2003 895 2070 Abbati
918 2009 952 2071 et
976 2003 1174 2085 Conventui,
1190 2027 1228 2071 aa
1249 2002 1488 2070 successoribus

441 2116 459 2143 “
482 2093 793 2188 nostris,i1i0mnia
815 2107 973 2194 pmdiaa
994 2108 1186 2188 manerium,
1210 2107 1384 2196 mesmgia,
1400 2111 1489 2173 coto·

442 2217 459 2243 “
481 2209 545 2296 gia,
561 2209 743 2296 curtilagia,
759 2209 854 2288 tofta,
869 2214 904 2275 et
926 2215 1124 2289 tenemento,
1138 2233 1177 2277 ee
1202 2215 1316 2289 terras,
1330 2231 1405 2276 cum
1420 2209 1488 2276 suis

440 2321 457 2347 “
479 2311 699 2398 pertinentiis,
730 2311 900 2392 reintrare,
931 2318 966 2378 et
995 2334 1095 2400 penes
1127 2334 1189 2380 nos
1222 2335 1260 2379 ac
1291 2333 1488 2379 successores

442 2421 459 2448 “
481 2417 620 2494 nostros,
659 2418 699 2479 ut
732 2414 769 2478 in
807 2413 947 2502 pristino
984 2419 1076 2480 stetu
1113 2421 1236 2494 nostro,
1268 2413 1425 2482 rehabere
1453 2420 1488 2481 et

443 2523 460 2550 ‘⁴
482 2515 632 2594 retinere,
664 2516 820 2602 praesenti
846 2514 984 2582 ”charta
1008 2517 1190 2597 indentata,
1217 2523 1253 2584 et
1283 2517 1403 2584 seisina
1431 2539 1488 2606 per

441 2624 458 2653 “
483 2618 622 2685 eandem
637 2617 754 2684 habita
769 2622 804 2684 et
818 2619 967 2700 liberata,
991 2620 1028 2686 in
1050 2621 1161 2708 aliquo
1183 2643 1251 2687 non
1271 2619 1487 2688 obstantibus.

442 2726 459 2755 “
483 2721 525 2786 In
555 2720 648 2808 cujus
677 2721 726 2786 rei
756 2721 993 2803 testimonium,
1015 2723 1076 2788 uni
1106 2724 1195 2810 parti
1220 2723 1319 2810 hujus
1342 2721 1488 2790 ⁸churtoe

439 2829 458 2859 “
480 2823 671 2904 indentatae‚
705 2845 805 2911 penes
835 2826 1011 2911 praefatum
1043 2825 1258 2915 Redulphum
1294 2827 1487 2908 remanenti,

439 2933 459 2962 ‘¹
480 2947 548 3007 nos,
572 2927 722 3012 prredicti
750 2927 863 2994 Abbas
886 2933 920 2994 et
943 2928 1144 3009 Conventus,
1168 2928 1314 3016 sigillum
1335 2935 1487 2995 nostrum

441 3035 652 3096 “commune
689 3030 906 3118 apposuimus.
968 3031 1078 3097 Alteri
1111 3053 1191 3098 vero
1224 3032 1313 3119 parti
1342 3031 1486 3118 ejusdem

441 3136 459 3168 “
482 3130 627 3198 ³chartae
657 3133 848 3213 indentutoe,
883 3155 983 3221 penes
1014 3156 1083 3216 nos,
1119 3135 1224 3202 dictos
1255 3135 1421 3201 Abbatem
1453 3141 1487 3201 et

440 3241 457 3268 “
480 3233 698 3316 Conventum,
721 3237 914 3314 remanenti,
937 3237 1094 3324 praefatus
1117 3237 1313 3326 Rariulphus
1343 3237 1488 3324 sigillum

440 3344 457 3371 “
479 3359 575 3403 suum
591 3339 752 3426 apposuit.
792 3339 870 3405 Hiis
884 3341 1035 3420 testibus,
1046 3340 1071 3406 J
1072 3339 1201 3407 ohanne
1212 3340 1357 3428 Cheyne,
1368 3341 1486 3419 Milite,

439 3446 456 3473 “
479 3439 605 3505 Thema
620 3441 755 3520 Broket,
771 3441 1013 3510 Bartholomaeo
1029 3442 1162 3530 Hulley,
1180 3442 1325 3510 Roberto
1341 3443 1487 3520 Knolles,

439 3549 457 3576 “
479 3541 633 3608 Johunne
656 3543 941 3632 Bassyngbourne,
965 3545 1105 3632 Georgio
1136 3545 1280 3627 Danieli,
1311 3546 1487 3612 Edmundo

439 3651 457 3678 “
480 3643 630 3732 Westby‚
660 3645 850 3734 Armigeris,
883 3653 917 3713 et
955 3647 1070 3714 multis
1099 3647 1178 3714 aliis
1229 3648 1319 3715 Data
1355 3649 1486 3735 quinto-

440 3751 459 3781 “
482 3746 607 3813 decimo
637 3749 690 3815 die
719 3751 842 3818 mensis
865 3750 956 3830 Maii,
978 3773 1066 3818 enno
1088 3751 1182 3839 regni
1214 3749 1314 3839 Regis
1339 3752 1486 3834 Henrici,

438 3857 456 3885 “
480 3849 577 3916 Sexti
598 3857 674 3938 post
698 3851 942 3940 Conquaestum,
966 3854 1131 3920 tricesimo
1153 3853 1297 3941 querto.”

473 4133 620 4200 ¹Hyndein
637 4153 662 4201 p.
674 4143 732 4200 228,
743 4145 807 4188 anie.
1018 4139 1114 4190 ³cartre
1125 4139 1152 4188 in
1163 4139 1219 4190 MS.

472 4213 483 4246 ²
494 4221 567 4264 carto
578 4215 606 4266 in
618 4215 675 4270 Ms.
