3560 5838
443 876 510 942 450
836 883 1013 936 mensum
1036 871 1095 958 (c).

409 1157 411 1160 Ι
489 1068 623 1156 Septem
645 1069 831 1160 Signsoulu
854 1093 896 1138 ex
926 1071 1013 1138 Albo
1037 1072 1137 1138 Libro
1159 1076 1193 1137 et
1215 1071 1412 1138 ¹Ohroniois
1433 1070 1493 1138 Ri-

447 1172 745 1260 sungre-Expost
760 1174 923 1240 Dominus
939 1170 1014 1239 Rex
1029 1174 1216 1240 Edwardus
1231 1174 1364 1239 Primus
1382 1174 1395 1260 [
1478 1176 1494 1262 ]

444 1273 603 1358 quosdam
634 1277 805 1342 malivolos
842 1282 877 1343 et
912 1275 1069 1358 infideles,
1100 1282 1140 1342 ut
1173 1281 1268 1363 putet
1298 1276 1335 1340 in
1366 1277 1495 1343 Plsoits

443 1375 559 1443 habite
580 1379 669 1465 apud
691 1379 827 1446 Novum
850 1378 1003 1445 Castrum
1024 1400 1121 1466 super
1137 1379 1276 1464 Tynenr,
1293 1400 1401 1444 eorem
1420 1379 1511 1444 He·-

443 1499 528 1566 gone
558 1478 599 1545 de
629 1479 870 1570 Oressynghsm
899 1485 967 1560 ete,
992 1503 1080 1546 enno
1106 1480 1252 1566 ejusdem
1277 1480 1377 1568 Regis
1406 1481 1495 1547 vioe·

444 1581 527 1646 simo
550 1581 666 1668 prime,
682 1583 741 1648 ubi
755 1583 916 1649 Dominus
930 1584 1005 1649 Rex
1019 1605 1078 1670 per
1093 1581 1296 1649 Wilielmum
1308 1583 1349 1648 de
1368 1582 1495 1670 In[ge]‚

446 1682 520 1770 [qui
543 1682 755 1771 lo]quebstur
787 1706 846 1772 pro
877 1707 925 1764 eo,
954 1685 1053 1773 petiit
1081 1685 1334 1751 sdvooetionem
1366 1685 1495 1752 Priora-

443 1790 499 1850 tus
519 1785 561 1851 de
583 1785 798 1872 Tynemoths,
822 1793 861 1852 ut
878 1787 935 1873 jus
957 1793 1016 1853 eto.

489 1886 543 1952 Ex
576 1885 770 1955 ¹Ohroniois
800 1885 1151 1977 ’Ripangret-cum
1180 1898 1292 1954 autern
1323 1887 1398 1954 Rex
1426 1891 1494 1956 Ed·

449 1989 581 2056 werdus
595 1991 768 2076 petivisset
780 2012 894 2056 versus
919 1991 1109 2077 Dompnum
1123 1991 1147 2056 J
1148 1990 1313 2056 ohannem
1335 1991 1495 2075 Tertium,

445 2091 611 2158 Abbutem
627 2092 683 2179 [de
698 2092 834 2177 Sancto]
846 2093 984 2171 Aibsno,
1000 2092 1251 2158 advocationem
1266 2093 1438 2158 Prioratus
1453 2095 1493 2159 de

446 2193 653 2279 Tynemotha
674 2194 738 2260 sibi
760 2194 863 2272 reddi,
886 2199 925 2260 ut
942 2195 999 2280 jus
1021 2215 1127 2274 suum,
1142 2194 1304 2260 directum
1321 2200 1371 2260 est
1394 2196 1495 2262 breve

445 2295 637 2364 Vioeoomiti
659 2319 702 2362 ex
724 2303 817 2383 perte
841 2296 947 2383 Regis,
970 2297 1005 2360 in
1028 2297 1099 2362 haee
1121 2296 1290 2362 verbs:—

491 2397 702 2464 “Edwsrdus
724 2404 796 2476 ete,
810 2397 1005 2465 Vioeoomiti
1027 2397 1277 2466 Northumbriae
1299 2405 1359 2466 eto.
1406 2401 1494 2467 Proe-

444 2507 462 2535 “
484 2501 556 2587 oipe
590 2499 718 2566 Abbati
740 2500 795 2587 [de
818 2500 955 2587 Sancto]
990 2498 1132 2581 Albano,
1149 2501 1236 2586 quod
1253 2501 1346 2587 juste
1368 2499 1403 2568 e't
1423 2503 1495 2568 sine

445 2607 464 2640 “
486 2602 646 2669 dilatione
684 2603 800 2669 reddet
830 2602 924 2668 nobis
961 2601 1209 2668 advocationem
1246 2604 1416 2669 Prioratus
1452 2606 1493 2671 de

443 2709 462 2740 “
483 2704 691 2792 Tynemotha
713 2709 773 2773 eto.
818 2705 864 2770 Et
885 2705 949 2769 nisi
975 2704 1097 2784 feeerit,
1120 2727 1290 2772 summone
1312 2729 1370 2793 per
1393 2707 1494 2773 bones

445 2814 465 2845 “
487 2807 738 2874 summonitores
761 2806 955 2894 praedietum
970 2805 1137 2872 Abbetem
1152 2805 1231 2874 eto.”
1276 2807 1390 2874 Abbes
1405 2831 1493 2890 vero,

444 2911 532 2977 diem
563 2910 776 2997 praeveniens,
807 2909 850 2974 ed
884 2909 1108 2996 [proesentiem
1141 2907 1257 2996 Regis]
1281 2910 1317 2974 in
1348 2911 1494 2978 Suetium

445 3012 589 3091 secessit,
623 3012 727 3078 sciens
758 3032 792 3076 se
825 3017 941 3076 eontra
964 3011 1088 3097 regiam
1119 3011 1304 3097 potentiam
1334 3013 1493 3098 placitum

445 3115 608 3180 sustinere
622 3135 690 3179 non
712 3134 813 3200 posse,
837 3113 946 3178 omnia
978 3113 1099 3199 ploeits
1121 3113 1270 3179 totaliter
1292 3115 1437 3203 reliquit,
1459 3123 1497 3181 et

442 3216 579 3283 Domini
602 3217 701 3304 Regis
723 3216 841 3304 gretiae
863 3235 898 3280 se
926 3214 1088 3280 submisit
1135 3215 1244 3296 Quare
1267 3217 1347 3294 Rex,
1370 3218 1495 3304 pietate

446 3319 573 3400 duetus,
600 3320 648 3405 [et
671 3319 854 3405 procerum]
881 3338 1015 3382 suorum
1040 3317 1203 3383 instantis
1225 3318 1396 3398 excitatus,
1420 3341 1494 3386 oon·

444 3421 550 3504 oessit,
573 3442 632 3510 pro
654 3443 692 3486 eo
715 3425 750 3486 et
771 3419 957 3488 haeredibus
979 3421 1055 3498 suis,
1078 3421 1166 3507 quod
1186 3421 1295 3486 dietus
1317 3422 1430 3488 Abbss
1460 3431 1494 3489 et

444 3544 641 3591 successores
662 3523 715 3588 sui
729 3523 874 3588 hebennt
896 3531 930 3588 et
944 3527 1082 3588 teneant
1097 3524 1137 3588 de
1160 3529 1279 3590 eaetero
1300 3525 1493 3611 praediotom

443 3625 692 3692 advocationem
715 3625 887 3690 Prionotus
910 3625 951 3691 de
973 3625 1191 3711 Tynemotha,
1215 3631 1254 3691 ut
1272 3627 1329 3712 jus
1352 3627 1494 3694 eoelesiae

533 3777 541 3795 .
587 3728 632 3794 Et
655 3748 753 3814 super
774 3726 835 3792 hoo
851 3727 940 3792 idem
956 3727 1029 3792 Rex
1043 3726 1201 3814 prudioto
1217 3726 1346 3795 Abbati
1368 3726 1496 3796 ³Chsr-

444 3835 515 3898 tom
547 3828 820 3896 confirmatoriam
856 3829 958 3910 dedit,
991 3829 1028 3893 in
1061 3828 1131 3894 haeo
1165 3829 1497 3898 verbu-4Soribstur

445 3933 601 4000 ‘Charta

1375 4059 1491 4068 ——0

477 4125 487 4159 ¹
501 4125 615 4178 &onus
625 4124 652 4174 in
663 4123 720 4176 MS.
736 4122 798 4174 This
809 4137 913 4187 passage
925 4121 948 4171 is
993 4126 1032 4182 19,
1055 4127 1116 4184 20);
1146 4137 1162 4172 s
1184 4121 1255 4189 lorge
1279 4123 1379 4188 portion
1401 4121 1431 4173 os
1450 4124 1495 4173 the

442 4219 501 4255 now
511 4213 538 4255 to
549 4207 582 4255 be
592 4203 671 4254 found
686 4202 713 4251 in
729 4217 762 4252 no
773 4202 844 4253 work
854 4201 909 4252 thet
926 4200 947 4250 is
992 4198 1090 4250 Second
1108 4201 1211 4252 Sestion
1230 4201 1260 4251 of
1274 4201 1358 4251 vhioh
1374 4217 1433 4262 was,
1449 4209 1494 4251 not

445 4281 777 4346 stuibutedtoltishmger.
989 4278 1493 4344 improbably,umseribedtmmaw0rk

478 4362 489 4394 ²
499 4361 555 4413 The
564 4377 669 4427 passage
677 4361 737 4411 here
744 4361 836 4423 quoted
844 4375 871 4409 ss
880 4358 946 4408 from
988 4358 1087 4408 written
1098 4359 1131 4422 by
1143 4358 1290 4424 Rishnnger,
1301 4361 1346 4409 but
1363 4375 1420 4409 nov
1431 4359 1491 4409 lost:

445 4440 489 4492 the
508 4439 677 4493 “Chronioles
694 4438 723 4489 of
739 4435 945 4503 Risbsnger,''is
988 4451 1030 4486 see
1047 4436 1092 4487 the
1108 4436 1281 4487 Introduction
1302 4445 1330 4488 to
1351 4437 1394 4489 the
1414 4436 1495 4488 Getta

447 4525 496 4571 not
513 4525 539 4570 to
557 4519 678 4570 befound
694 4518 722 4567 in
739 4517 944 4567 thevorksnov
987 4512 1118 4575 Abbatum,
1131 4515 1192 4566 Vol.
1204 4515 1241 4565 II.
1252 4532 1276 4580 p.
1291 4520 1330 4568 11.

445 4598 538 4648 known
548 4598 583 4663 by
594 4597 633 4647 his
650 4611 731 4659 nume,
742 4596 787 4647 bnt
799 4595 877 4646 forms
887 4602 945 4659 part
1020 4591 1031 4625 ³
1045 4593 1154 4646 Carum
1165 4593 1191 4644 in
1202 4593 1259 4646 Ms.

443 4677 472 4730 of
488 4677 532 4729 the
546 4675 625 4728 Gesta
634 4673 759 4727 Aetatem
769 4675 842 4740 (Vol.
853 4674 890 4725 11.
902 4689 943 4738 pp.
1021 4671 1032 4704 ⁴
1047 4672 1130 4723 Carta
1141 4673 1167 4723 in
1177 4672 1235 4726 Me.
