3560 5838
650 893 829 944 sremmx
852 877 910 964 (n).
1246 872 1338 990 477Ι
1370 835 1373 842 ¹

270 1079 508 1146 Monnsterium
546 1080 695 1147 meliores
732 1080 886 1168 possidet
936 1079 1033 1159 Quod
1070 1078 1098 1142 si
1143 1077 1313 1165 quisquam

269 1188 438 1248 tantarum
464 1205 581 1249 verum
611 1181 935 1250 valorem1noscere
966 1181 1085 1267 cupiat,
1108 1201 1236 1245 summa
1265 1185 1314 1244 est

270 1283 355 1352 ²ix⁰.
370 1291 404 1350 et
419 1285 510 1352 lxxx.
526 1307 651 1352 mercae.
684 1285 822 1364 Deinde,
838 1289 1011 1371 postquam
1027 1283 1133 1347 factus
1147 1287 1199 1347 est
1213 1281 1313 1358 Prior,
1388 1285 1390 1289 '

270 1387 367 1452 simul
399 1393 433 1452 et
459 1387 684 1473 Coquinarrus
715 1387 874 1474 persolvit
905 1408 965 1473 pro
989 1384 1179 1470 Coquinarii
1201 1383 1315 1460 officio,

270 1493 350 1554 tunc
363 1491 510 1575 graviter
522 1489 715 1568 indebiteto‚
732 1511 790 1555 coc.
807 1497 842 1554 et
857 1489 900 1554 ln
910 1488 1011 1553 libras
1026 1494 1167 1552 monetae
1175 1485 1313 1573 Angliae.

270 1589 366 1668 Item,
396 1590 497 1656 solvit
526 1591 665 1656 diversis
695 1613 754 1678 pro
788 1589 1047 1677 reparationibus
1079 1588 1247 1652 firmarum
1281 1593 1315 1652 et

270 1691 449 1770 domorum,
463 1697 498 1758 et
512 1692 651 1757 aliorum
673 1691 910 1778 pertinentium
926 1690 970 1755 ad
990 1689 1179 1755 officiarium
1195 1688 1315 1774 Coqui-

270 1794 365 1874 narii,
381 1795 467 1859 infra
482 1801 555 1861 octo
570 1815 731 1860 annorum
746 1793 892 1880 spatium
908 1792 1062 1878 ejusdem,
1079 1812 1202 1857 marces
1217 1790 1314 1856 mille.

271 1894 383 1981 Atque
406 1897 515 1973 etiarn,
544 1895 609 1960 hiis
631 1895 790 1982 impensis
813 1898 849 1960 st
870 1892 1133 1980 reparationibus
1161 1913 1228 1957 non
1257 1891 1314 1957 ob-

272 1997 446 2076 stantibus,
473 1997 595 2063 Prioris
624 1997 734 2062 aulam
767 1995 955 2074 edificavit,
989 1992 1136 2060 ³additis
1166 1993 1316 2059 omnibus

272 2099 314 2166 cd
336 2101 372 2164 id
393 2100 490 2166 rebus
512 2100 708 2166 necessariis.
889 2089 892 2096 ’

316 2201 394 2267 Jarn
416 2223 492 2268 vero
515 2201 568 2268 hic
590 2201 705 2282 dicam,
737 2201 909 2287 palamque
940 2199 1137 2278 monstrabo,
1164 2219 1315 2285 quonam,

272 2304 402 2381 scilicet,
433 2309 536 2390 pacto,
560 2325 617 2390 per
646 2301 791 2389 Spiritus
824 2302 938 2368 Sancti
967 2302 1056 2368 viam
1086 2301 1122 2365 in
1151 2300 1313 2366 Abbatem

272 2412 385 2492 postea
399 2407 519 2472 electus
533 2404 642 2471 fuerit.
675 2404 836 2488 Suscepto
853 2404 1008 2491 pastorali
1024 2403 1136 2480 officio,
1152 2424 1190 2467 ao
1205 2404 1317 2489 paucis

272 2516 347 2595 post
369 2507 548 2572 fluentibus
575 2509 679 2584 ennis,
694 2505 716 2584 ,⁴
726 2507 760 2570 id
784 2513 844 2586 est,
870 2506 1122 2592 quatuordecim,
1151 2506 1200 2570 sui
1233 2527 1317 2591 pree·

274 2611 447 2676 decessoris
478 2631 536 2695 pro
571 2608 692 2673 debitis
724 2608 834 2687 solvit,
872 2609 969 2674 sicuti
1002 2608 1053 2674 sui
1084 2629 1142 2695 per
1172 2607 1317 2672 officiarii

273 2717 459 2798 compotum
475 2710 650 2776 clarissime
666 2714 770 2796 patet,
786 2707 846 2776 θΜ.
863 2707 946 2774 viiio.
962 2714 997 2774 et
1011 2731 1089 2774 xxx.
1100 2709 1209 2774 libras
1247 2709 1317 2773 Ad·

274 2812 382 2878 dimus
395 2819 553 2898 praeterea
574 2810 666 2875 illam
691 2810 935 2876 ornatissimam
955 2815 988 2876 et
1004 2810 1315 2896 sumptuosissimam

275 2913 340 2980 alte
355 2919 496 2978 erectam
512 2913 632 2977 summi
646 2912 761 2978 altaris
778 2912 990 2998 faciem‚¹quae
1006 2913 1147 2976 multum
1161 2917 1318 2978 venustat

276 3015 448 3094 ecclesiam,
461 3021 495 3080 et
509 3015 613 3101 pascit
628 3015 737 3079 oculos
752 3015 958 3080 intuentium
980 3013 1130 3099 gratiose,
1145 3020 1180 3079 et
1194 3015 1319 3080 cunctis

274 3116 535 3205 inspectantibus
550 3116 716 3202 speculum
733 3115 832 3201 hujus
846 3116 940 3201 regni
951 3116 1211 3193 divinissimum
1231 3115 1318 3202 quod

230 3233 232 3240 '
274 3220 316 3286 ed
337 3241 499 3284 summam
520 3240 599 3283 vero
621 3216 837 3284 “extenditnr
858 3219 916 3284 xi0.
941 3239 1131 3283 marcarum.

312 3320 439 3387 Deinde
453 3340 520 3385 non
535 3320 728 3386 mediocrem
745 3326 861 3385 nactus
872 3325 923 3386 est
937 3319 1077 3399 leudem,
1087 3341 1161 3385 cum
1176 3320 1318 3385 Domum

275 3429 420 3488 nostram
443 3420 666 3508 Capitularem
688 3421 755 3486 suis
779 3421 907 3509 magnis
923 3422 1067 3508 pecuniis
1083 3421 1222 3487 feliciter
1243 3444 1318 3488 con-

275 3522 506 3590 summoverit:
524 3523 567 3587 ad
582 3523 616 3587 id
633 3523 871 3611 perficiendum
882 3524 970 3589 mille
985 3523 1144 3588 librarum
1158 3545 1318 3589 summam

274 3624 436 3713 persolvit
484 3623 646 3711 Deinceps
669 3625 809 3692 duarum
832 3647 892 3712 pro
914 3625 1129 3692 fenestrarum
1156 3648 1252 3714 opere
1285 3635 1321 3692 et

274 3727 407 3804 fabrica,
429 3727 466 3790 in
492 3726 644 3804 Ecclesia,
666 3729 766 3793 unius
788 3725 982 3794 ⁷Borealem
1005 3727 1042 3792 in
1064 3735 1200 3815 partem,
1221 3730 1321 3816 juxta

276 3828 509 3906 Socristariam
532 3827 669 3892 ulterius
690 3849 769 3894 vero
793 3829 976 3915 partemin
990 3829 1187 3908 Australem,
1203 3829 1319 3896 ⁸horo-

220 3929 230 3950 ⁹
274 3930 397 4018 logium
415 3929 536 4016 juxta3
567 3950 640 4014 quae
663 3929 838 4015 plurimum
869 3931 913 3995 ad
943 3929 1085 3996 ecclesiae
1116 3932 1263 3996 decorem
1286 3938 1320 3996 et

272 4033 413 4098 nitorem
446 4030 640 4110 conferunt;
670 4052 729 4118 pro
767 4030 886 4116 quibus
923 4037 1054 4096 centum
1089 4031 1189 4097 libras
1212 4031 1318 4097 solvit.

274 4133 415 4198 Proinde
437 4133 574 4198 diversis
590 4154 650 4218 pro
664 4131 937 4217 acquisitionibus
952 4138 1128 4213 terrarum,
1142 4154 1202 4218 pro
1221 4133 1320 4198 Missa

275 4237 407 4301 nomine
436 4235 540 4301 Jhesn
563 4234 678 4301 diebus
704 4233 843 4321 singtilis
869 4233 1006 4300 Veneris
1028 4235 1064 4299 in
1087 4235 1318 4322 sempiternum
1447 4237 1452 4246 '

274 4343 405 4425 tompus
425 4336 626 4417 celebrande,
658 4357 784 4402 necnon
806 4357 865 4422 pro
888 4336 990 4402 Missa
1011 4336 1131 4402 cotidie
1160 4356 1219 4422 pro
1248 4336 1321 4423 ipso

309 4576 317 4609 ¹
329 4591 400 4626 nosce
411 4575 436 4625 in
448 4575 505 4628 MS.
855 4574 866 4606 ⁵
880 4579 944 4624 1830
954 4575 1060 4638 pounds.

308 4655 320 4688 ¹
330 4655 376 4706 Ie.
387 4659 436 4705 980
446 4653 537 4704 marks.
858 4651 1028 4703 ‘exemtus
1038 4653 1065 4702 in
1076 4651 1133 4704 MS.

307 4733 319 4768 ⁸
330 4733 405 4784 oditis
416 4735 442 4784 in
453 4732 510 4785 MS.
856 4731 867 4768 ⁷
878 4729 1006 4782 Borialm
1017 4731 1044 4780 in
1054 4731 1111 4782 MS.

308 4813 377 4864 4ι’ἰιι
391 4813 446 4864 ΜΒ.
860 4807 1112 4874 ‘wilcyiuminlffi
