3668 5842
542 844 716 899 somissis
739 844 1022 896 wammusrsns
1043 843 1220 894 secernis.
1334 825 1397 898 275

356 1035 599 1120 “protectione
635 1039 831 1123 sperantem,
865 1037 1053 1121 persecutus
1090 1034 1206 1110 fuerat,
1243 1023 1565 1096 aestimem-1⁴⁵⁷·

356 1135 504 1202 “Rubri
539 1137 650 1216 Maris,
685 1159 759 1203 cum
781 1136 931 1202 curribus
960 1140 994 1202 et
1020 1135 1195 1222 equitibus,
1223 1132 1399 1200 obvolutus

356 1242 376 1273 “
398 1245 477 1319 erat,
499 1239 576 1305 filiis
609 1239 738 1306 israhel
768 1261 826 1326 per
859 1239 980 1306 siccum
1008 1237 1242 1326 gradientibus,
1265 1236 1400 1322 Deoquc

358 1349 375 1376 ‘¹
397 1341 472 1406 ooeli
501 1342 697 1408 sacrificium
727 1342 836 1408 laudis
867 1341 1089 1422 offerentibus,
1113 1341 1171 1426 qui
1193 1340 1300 1406 salvat
1329 1359 1401 1426 spe-

359 1450 375 1475 “
396 1449 509 1510 rantes
539 1445 576 1510 in
605 1467 648 1525 se,
672 1449 706 1510 et
736 1444 777 1510 de
808 1465 869 1510 sua
890 1443 1015 1510 virtute
1037 1443 1216 1530 gloriantes
1237 1441 1400 1506 humiliat.

359 1551 375 1579 “
399 1546 464 1612 Sed
486 1568 562 1612 acus
591 1547 730 1613 rationis
756 1546 793 1612 in
815 1551 850 1611 te
873 1543 1048 1623 ¹hebescit,
1071 1567 1185 1610 sensus
1207 1544 1260 1608 tui
1289 1541 1402 1608 nimiae

359 1649 587 1715 “ambitionis
609 1649 744 1715 turbine
765 1655 845 1714 sunt
867 1649 1000 1728 confusi,
1022 1648 1072 1712 ita
1093 1654 1133 1712 ut
1150 1647 1310 1734 jumentis
1324 1644 1403 1710 insi-

360 1757 377 1785 “
400 1751 567 1838 pientibus
588 1752 723 1819 inferior
740 1751 966 1839 comproberis.
1011 1751 1169 1816 AEstimas
1184 1750 1325 1816 eundem
1340 1747 1404 1813 Dei

360 1857 377 1888 “
401 1852 531 1934 Filium,
555 1875 652 1941 quem
674 1877 734 1920 nos
755 1854 900 1932 colimus,
929 1853 999 1919 fore
1020 1857 1197 1931 mortuum,
1220 1856 1262 1930 et,
1286 1850 1403 1916 stulto

358 1963 376 1990 “
397 1977 470 2020 rum
486 1977 575 2023 more
598 1957 760 2044 deeeptus,
779 1955 1003 2044 potentissimi
1024 1956 1177 2043 potentia
1193 1955 1402 2023 diminutum.

359 2063 375 2091 “
397 2058 484 2145 Ergo
496 2059 604 2125 Deum
619 2059 702 2136 coeli,
718 2060 845 2126 trinum
861 2065 895 2126 et
910 2080 1022 2136 unum,
1036 2058 1189 2124 invocare
1201 2080 1246 2154 ne
1261 2057 1404 2138 ²tardes,

361 2169 377 2196 “
400 2166 446 2240 ut,
459 2147 643 2228 ³damnosae
654 2161 853 2249 gentilitatis
862 2162 931 2227 ritu
942 2161 1100 2248 deposito,
1110 2166 1316 2228 sacrosancto
1327 2160 1406 2226 fidei

360 2270 378 2297 “
400 2263 554 2330 merearis
582 2265 748 2352 signaculo
778 2264 938 2352 insigniri.
985 2263 1164 2350 Comparas
1193 2285 1254 2329 nos
1281 2263 1406 2350 pugillo

360 2373 378 2402 “
401 2371 437 2431 et
457 2370 561 2454 gutta
583 2368 674 2446 roris,
697 2372 731 2433 et
752 2367 884 2454 ignoras
906 2387 967 2432 nos
989 2371 1120 2432 tantam
1141 2365 1278 2432 fortium
1300 2389 1406 2432 arma-

362 2474 380 2502 “
404 2474 513 2534 torum
527 2468 779 2535 multitudinem
794 2469 946 2557 pugilum
964 2473 998 2534 et
1013 2468 1209 2534 bellatorum
1233 2468 1406 2556 possidere,

361 2577 378 2606 “
401 2571 466 2656 qui,
489 2569 532 2636 ad
554 2570 641 2637 bella
663 2571 850 2650 doctissimi,
879 2571 1154 2659 omnipotentiam
1177 2577 1279 2653 tuam,
1307 2594 1407 2659 quam

362 2681 380 2708 ‘⁴
402 2673 590 2760 praetendis,
605 2675 719 2740 sisino
737 2675 898 2742 immenso
920 2674 1032 2740 labore
1053 2679 1183 2761 pateret
1204 2697 1357 2754 accessus,
1372 2677 1408 2740 in

363 2784 379 2809 “
402 2775 541 2868 cinerem
574 2776 771 2864 redigerent,
794 2782 829 2844 et
862 2775 1018 2844 favillam.
1078 2771 1239 2862 Nunquid
1274 2777 1408 2843 dubitas

362 2887 380 2914 “
403 2879 568 2946 Orucifixo
591 2879 822 2966 potentissima
843 2901 946 2966 regna
968 2877 1155 2944 deserviret
1199 2880 1255 2945 An
1278 2881 1408 2967 ignoras

363 2991 381 3016 “
402 3003 542 3070 regnum
564 2981 788 3048 Romanorum
802 2981 1063 3062 invictissimum,
1078 2981 1227 3048 Franciae
1249 2981 1409 3048 Christia-

363 3091 381 3120 “
403 3084 585 3166 nissimum,
600 3085 733 3174 Angliae
757 3085 967 3164 ditissimum,
983 3085 1163 3172 Hispaniae,
1187 3085 1408 3173 Portingaliae,

363 3197 380 3222 “
403 3188 587 3275 Arogoniae,
611 3187 744 3268 Ciliciae,
768 3187 933 3265 Navariae,
957 3185 1137 3266 Hiberniae,
1161 3188 1289 3268 Sectis,
1321 3189 1410 3255 Mar-

363 3299 380 3326 “
402 3291 493 3371 ciliae,
509 3290 704 3378 Norwegiae,
720 3289 880 3369 svesaim,
900 3290 1020 3371 Daciae,
1041 3289 1255 3371 Catholoniae,
1279 3291 1410 3372 Siciliae,

364 3402 381 3429 ‘¹
405 3393 536 3480 inriae‚
559 3392 753 3480 Neapulliae,
783 3415 886 3480 regna
915 3388 1083 3473 latissima,
1111 3393 1277 3483 signaculo
1307 3397 1411 3462 crucis

364 3503 383 3532 “
405 3495 589 3562 adornata?
632 3496 688 3561 An
703 3496 789 3562 forte
805 3496 941 3583 despicis
957 3495 1126 3584 Ungarios
1148 3504 1183 3564 et
1198 3498 1411 3580 Dalmaticos,

365 3607 382 3638 “
403 3599 552 3665 homines
589 3598 719 3677 feroces,
757 3599 898 3666 arcubus
932 3603 966 3664 et
1003 3600 1134 3686 sagittis
1168 3599 1412 3687 invictissimos,

365 3709 382 3739 “
404 3701 552 3768 homines
585 3701 622 3765 in
654 3701 746 3788 equis
780 3723 857 3766 aera
887 3701 1152 3769 transvolantes?
1195 3703 1251 3768 An
1275 3727 1413 3790 regnum

366 3809 383 3840 ‘⁶
406 3802 617 3869 Poloniorum
647 3803 899 3882 serenissimum,
931 3803 1139 3869 Boemiorum
1168 3804 1305 3871 fortium
1339 3807 1413 3893 plu-

366 3915 383 3942 ‘¹
405 3905 526 3971 rimum
563 3906 805 3972 metuendum?
866 3906 1025 3992 Denique,
1055 3906 1166 3973 forsan
1202 3909 1413 3995 parvipendis

367 4016 384 4046 “
406 4008 634 4088 Tbeutonicos,
649 4031 708 4097 per
723 4008 830 4074 multa
844 4013 1006 4075 terrarum
1023 4011 1131 4096 spatia
1153 4009 1289 4076 diffusos
1302 4036 1311 4092 ;
1334 4032 1413 4097 quo-

367 4120 385 4148 “
406 4133 482 4176 rum
503 4111 732 4180 crudelitatem
763 4117 797 4178 et
821 4111 991 4178 audaciam
1013 4133 1183 4199 nunquam
1206 4113 1326 4199 aliquis
1356 4114 1414 4179 do·

368 4222 385 4248 ‘¹
407 4236 497 4280 mare
519 4216 637 4302 potuit.
683 4215 920 4296 Venmtamen,
943 4214 1022 4301 quia
1056 4215 1106 4280 nil
1126 4215 1176 4281 ita
1209 4216 1333 4282 malum
1355 4239 1414 4282 na

367 4325 386 4352 “
407 4322 485 4383 tura
500 4319 651 4400 sustinet,
666 4317 731 4383 nisi
747 4316 914 4404 aliquibus
936 4317 1031 4383 bonis
1051 4317 1182 4404 polleat,
1197 4320 1415 4407 approbamus

368 4424 385 4456 ‘⁸
407 4419 444 4486 in
476 4425 521 4499 te,
544 4420 632 4507 quod
664 4424 699 4486 te
721 4419 888 4486 custodem
910 4420 1026 4486 asseris
1049 4419 1211 4508 spelunoae
1234 4421 1416 4504 Crucifixi;

404 4690 411 4723 ¹
422 4690 510 4742 abaco
520 4691 546 4741 in
557 4693 613 4743 MS.

403 4769 413 4802 ²
425 4771 506 4821 radas
515 4771 542 4821 in
552 4771 609 4823 MS.
