3640 5842
518 972 693 1024 rennuurs
715 973 1000 1024 vaurmsrnnn
1023 973 1200 1026 sncuunn.
1319 958 1384 1028 357

340 1191 521 1260 Proceeeue
539 1191 807 1280 perquisitionis
829 1191 1166 1279 cmmiieotionisque
1190 1191 1548 1259 1collectariam-1⁴6⁰·

432 1295 688 1382 sumptuoeique
703 1293 856 1361 mercerii
870 1293 910 1361 de
924 1294 976 1361 Eo
990 1295 1029 1360 M
1029 1317 1092 1374 ore,
1107 1296 1149 1362 ire
1164 1294 1334 1362 Poroctio
1344 1293 1385 1361 de

429 1395 712 1464 Rilcmercwortlze.

386 1525 595 1591 ²Terminato
625 1547 713 1590 anno
745 1530 870 1605 octavo,
902 1525 1139 1612 inchoanteque
1170 1546 1308 1603 noveno,
1346 1531 1488 1616 eossdrhg

341 1626 486 1712 ejusdem
516 1627 594 1692 anni
633 1633 788 1713 tempore,
825 1649 889 1713 quo
928 1629 1042 1714 pluvia
1079 1634 1113 1694 et
1149 1629 1276 1714 pruina,
1314 1628 1383 1706 nix,
1394 1598 1551 1730 fflssfff'

340 1729 467 1816 glacies,
490 1751 528 1794 ac
549 1730 653 1795 nubes
675 1729 775 1794 etiam
797 1729 971 1809 matutina,
991 1735 1111 1795 terram
1136 1730 1278 1795 multum
1300 1749 1382 1816 prae-
1393 1731 1512 1782 minato

341 1835 509 1918 occupant,
532 1831 797 1918 frequentiusque
827 1852 895 1917 prae
922 1831 1050 1897 caeteris
1079 1831 1159 1895 anni
1182 1831 1382 1916 temporibus
1393 1797 1518 1914 fflf„

340 1934 445 2018 ipsam
478 1933 615 2020 irrigare
648 1934 762 2010 solent,
795 1933 918 2020 rigavit
951 1933 1059 2012 etiam,
1094 1942 1128 1999 et
1160 1933 1320 2020 irrigavit,
1344 1931 1473 1997 aoofthe

341 2035 474 2120 insuper
496 2035 657 2114 irroravit,
680 2056 733 2100 ros
755 2035 811 2100 ille
833 2036 972 2117 coelitus
988 2036 1046 2123 qui
1069 2034 1253 2100 madidavit
1278 2035 1382 2101 vellus
1394 1997 1538 2124 ffl‘gd

341 2136 536 2215 ³Gedeonis,
558 2139 683 2203 viscera
709 2136 846 2204 illustris
877 2137 1021 2218 Domini,
1048 2136 1184 2203 Domini
1216 2131 1546 2246 Radulphirpgndths

342 2239 482 2321 Boteler,
505 2240 638 2305 Domini
665 2239 705 2304 de
729 2239 880 2324 Sudeley,
903 2239 1140 2326 inspiravitque
1163 2239 1199 2303 in
1228 2260 1283 2304 cor
1305 2240 1383 2326 ejus,
1394 2212 1551 2328 gaam?

342 2347 389 2420 ut,
412 2347 542 2407 mortuo
576 2341 701 2406 Thema
722 2341 861 2418 Boteler,
886 2341 1001 2421 Milite,
1033 2340 1101 2407 filio
1133 2363 1191 2407 suo
1221 2342 1325 2420 unico,
1349 2347 1384 2406 et

342 2445 479 2522 haerede,
502 2443 696 2510 deliberaret
718 2443 805 2530 apud
828 2465 862 2508 se
885 2465 983 2531 super
1005 2444 1216 2530 dispositione
1247 2443 1384 2510 manerii

343 2547 383 2612 de
420 2547 468 2611 La
504 2545 606 2624 More,
635 2546 673 2610 in
703 2545 860 2612 Parochia
889 2547 930 2611 de
961 2546 1259 2627 Rikmersworthe5
1297 2546 1385 2632 quod

342 2649 525 2714 manerium
560 2646 665 2713 solum
687 2652 722 2712 et
750 2648 963 2728 solummodo,
987 2649 1128 2735 quiade
1161 2649 1292 2735 propria
1314 2670 1385 2734 per·

343 2751 521 2838 quisitione
556 2750 673 2830 iuerat,
717 2750 755 2814 in
791 2751 886 2816 feodo
925 2750 1075 2837 simplici,
1116 2757 1159 2829 et,
1197 2773 1239 2816 ex
1275 2772 1386 2816 conse·

344 2854 468 2940 quenti,
489 2854 526 2916 in
548 2875 607 2918 sua
629 2851 733 2917 libera
754 2852 975 2938 dispositione,
999 2853 1195 2938 possidebat.
1240 2853 1386 2919 Tandem

343 2977 378 3021 se
412 2954 634 3020 determinans
665 2953 882 3020 concludebat
904 2954 1056 3032 finaliter,
1086 2961 1120 3021 et
1143 2954 1385 3021 determinabat

342 3059 451 3144 ipsum
473 3056 660 3121 venditioni
683 3076 858 3142 exponere,
881 3056 1099 3142 pecuniasque
1121 3079 1163 3122 ex
1185 3057 1290 3143 pretio
1313 3079 1385 3142 pro·

343 3160 513 3225 venientes
535 3178 697 3246 exponere
719 3157 755 3221 in
786 3157 857 3243 pios
890 3179 978 3238 usus,
1015 3181 1074 3244 pro
1105 3181 1173 3226 suae
1202 3159 1385 3246 animaeque

342 3262 456 3328 salute.

388 3364 440 3429 De
477 3384 542 3448 qua
586 3361 792 3428 conclusione
831 3361 942 3428 Abbas
987 3363 1131 3444 audiens,
1168 3364 1387 3451 reducensque
1400 3383 1555 3442 monebor,

343 3471 490 3532 recenter
525 3465 568 3530 ad
617 3465 816 3544 memoriam,
856 3486 955 3551 quam
999 3466 1126 3532 onerosi
1173 3467 1386 3554 injuriosique
1400 3451 1548 3568 {poppone

343 3570 478 3635 fuerunt
500 3567 641 3634 ecelesiae
655 3588 723 3632 suae
746 3568 876 3653 antiqui
899 3573 933 3633 et
956 3573 1090 3646 veteres,
1113 3569 1190 3636 licet
1212 3570 1385 3650 inferiores,
1401 3583 1519 3635 venienus

344 3692 539 3758 possessores
561 3669 673 3756 ipsius,
689 3691 852 3756 quamque
873 3670 997 3757 grande
1020 3669 1209 3750 *damnum
1224 3694 1386 3758 graveque
1401 3659 1427 3700 ‘⁰
1438 3649 1542 3699 himself

1401 3719 1450 3766 und
1462 3716 1501 3764 bis

344 3773 561 3860 dispendium,
584 3771 693 3837 eidem
718 3772 840 3837 nedum
863 3772 1014 3850 ecclesiae,
1036 3772 1217 3857 quinetiam
1244 3776 1386 3839 tenenti·
1400 3789 1505 3860 unere,

343 3876 405 3940 bus
427 3875 515 3940 illiue
545 3874 897 3954 circum-morantibus
921 3875 962 3939 de
992 3875 1162 3940 verisimili
1185 3880 1387 3954 accresceret,
1400 3851 1509 3964 {fflss

344 3979 380 4055 si,
415 3978 527 4064 vigore
572 3974 829 4062 perquisitionis,
861 3976 903 4040 ad
940 3998 1057 4040 manus
1100 3976 1236 4062 alicujus
1275 3977 1386 4063 magni
1399 3981 1512 4046 vicium,

345 4080 468 4145 domini
503 4078 680 4156 deveniret,
715 4077 887 4154 laboravit,
918 4078 961 4142 ad
992 4077 1185 4143 instantiam
1209 4079 1386 4144 amicorum
1399 4049 1544 4179 ffffl„

344 4203 485 4258 suorum,
518 4202 556 4244 ac
587 4179 688 4245 etiam
723 4179 916 4256 tenentium,
950 4178 1021 4260 viis,
1053 4179 1166 4257 modis,
1190 4184 1225 4244 et
1261 4179 1502 4258 meditatores,

344 4283 465 4370 quibus
501 4283 571 4369 ipse
608 4281 726 4346 melius
763 4279 912 4359 sciverat,
950 4281 1112 4366 quomodo
1149 4301 1261 4345 omnes
1297 4279 1386 4346 illius
1399 4261 1536 4364 pqqpmon

344 4386 482 4451 manerii
504 4390 713 4471 coemptores,
730 4383 800 4448 sive
815 4384 1053 4469 competitores,
1070 4385 1105 4447 in
1121 4383 1294 4468 emptione,
1317 4384 1386 4448 sive

343 4488 380 4552 in
403 4488 648 4575 perquisitione,
670 4485 850 4572 praevenire
871 4491 988 4571 posset.

949 4615 1050 4622 ἡ-
1145 4617 1344 4622 ..-.-.--

379 4671 570 4736 ¹eollempnisin
584 4671 639 4723 MS.
924 4671 978 4720 ⁸In
989 4669 1240 4736 allusiontoJudqec
1250 4671 1284 4722 vi.
1295 4675 1336 4734 37,
1347 4679 1387 4723 38.

378 4754 389 4785 ²
400 4753 456 4802 The
474 4752 528 4802 first
545 4753 618 4802 letter
634 4751 655 4801 is
672 4750 774 4803 omitted
785 4774 792 4813 ς
814 4759 841 4801 to
924 4749 934 4782 ⁴
946 4750 1073 4814 doupuuru
1084 4750 1109 4800 in
1120 4751 1177 4803 MS.

344 4833 375 4882 be
387 4831 502 4896 supplied
512 4831 538 4880 in
551 4830 724 4880 illumination.
1446 4813 1461 4850 ⁸
