3640 5842
432 885 498 955 370
765 899 962 950 nnorsrnusr
985 897 1145 948 snsrrrn

266 1087 335 1142 AD·
349 1084 564 1151 146⁰·ibidem.
580 1082 641 1150 sub
669 1104 770 1150 mauu
799 1085 880 1151 satis
910 1085 1042 1171 exigua,
1063 1105 1123 1172 pro
1152 1105 1211 1151 sun
1244 1105 1390 1172 congrua
1421 1082 1478 1149 de·

433 1187 588 1264 tensione,
612 1185 649 1252 vi
677 1186 885 1274 tempestatis
914 1192 1016 1266 actos,
1038 1187 1282 1275 compulsosque
1312 1187 1403 1252 viam
1432 1205 1482 1251 re-

434 1291 583 1376 linquere
611 1293 743 1372 rectam,
773 1311 818 1368 ao,
848 1289 886 1356 in
915 1290 1132 1356 salvationem
1169 1311 1238 1357 sure
1273 1289 1363 1368 vites,
1394 1286 1483 1375 apud

436 1393 576 1459 Odisius
606 1391 777 1480 applicare,
800 1393 1001 1480 applicantes
1032 1393 1157 1459 ibidem
1188 1391 1284 1479 oepit
1307 1394 1484 1479 captosque

437 1494 574 1560 induxit
596 1493 633 1558 in
655 1498 808 1576 castrum,
830 1516 869 1561 ac
890 1493 1049 1561 oustodiae
1072 1495 1256 1582 deputavit

268 1597 404 1650 TheIord
483 1597 528 1662 Et
566 1595 841 1684 quemadmodum
878 1597 968 1664 dicto
1005 1597 1139 1678 Comiti,
1184 1597 1351 1663 sororibus
1395 1593 1485 1660 illius

268 1666 387 1810 {gig}
440 1697 550 1777 Nerei,
580 1697 638 1784 qui
660 1699 785 1772 ventis,
799 1705 834 1764 et
863 1699 949 1764 mari
969 1699 1120 1786 imperat,
1149 1695 1486 1787 ipsiqu01obediunt

267 1799 340 1849 *Μ
351 1815 400 1864 ΡΠ·
439 1801 479 1879 ei,
514 1821 640 1887 semper
668 1821 820 1888 prospero
849 1806 1047 1868 successerat
1068 1801 1105 1866 in
1135 1823 1274 1888 aequore,
1306 1801 1353 1866 ita
1384 1799 1485 1865 etiam

269 1879 361 1982 ἰξῷ
438 1902 581 1969 nomino
603 1903 645 1968 a
660 1901 887 1990 sacunssggo
909 1903 946 1968 sn
967 1908 1064 1983 erra„
1083 1903 1154 1970 sive
1175 1904 1212 1969 in
1225 1903 1353 1970 teum
1397 1901 1487 1966 nam

268 1998 376 2048 Munde-
438 2003 616 2072 ⁹moliente
638 2027 724 2093 saepe
753 2011 789 2072 et
817 2005 936 2094 saepius
958 2006 1101 2072 Domino
1122 2005 1216 2072 Duos
1238 2005 1279 2071 de
1301 2005 1486 2072 Somercete

268 2063 384 2182 ξῗέξέω
437 2107 633 2174 Galisiences
662 2107 731 2173 suis
760 2107 890 2173 insidiis
919 2108 1109 2195 praevenire,
1148 2130 1275 2196 semper
1303 2108 1375 2196 ipse
1411 2126 1485 2172 cum

269 2197 415 2249 'dim‘
436 2209 503 2275 suis
529 2209 635 2286 affuit,
668 2231 860 2297 semperque
894 2209 964 2295 ejus
987 2209 1146 2276 contrivit
1175 2209 1322 2292 insidias,
1345 2207 1390 2274 ad
1410 2205 1485 2273 ⁸ni-

269 2263 403 2382 goddiriit.
435 2311 605 2397 hilumque
627 2312 761 2400 redegit
809 2311 988 2401 Egregium
1010 2313 1112 2379 etism
1135 2313 1347 2393 Scutiferum,
1363 2310 1484 2378 Oebar-

436 2412 516 2479 dum
549 2412 773 2493 Mundeforde,
808 2415 976 2500 jacentem
1010 2416 1100 2504 apud
1136 2415 1373 2505 Sandewyobe,
1410 2435 1485 2479 cum

435 2516 627 2603 quingentis
672 2516 906 2603 stipendiariis,
944 2539 1042 2584 causa
1078 2517 1259 2606 navigandi
1294 2537 1397 2604 usque
1443 2514 1486 2580 ad

436 2619 590 2684 Castrum
620 2619 662 2684 de
693 2619 808 2706 Gynis,
842 2621 880 2685 in
915 2619 1111 2688 ⁴munimen
1147 2627 1182 2687 et
1219 2619 1485 2686 fortificationem
1529 2643 1534 2652 ·

436 2720 617 2808 supradicti
638 2721 750 2801 Ducis,
771 2723 859 2809 cepit
880 2721 1014 2803 ibidem,
1037 2721 1117 2790 ⁵sed
1137 2745 1205 2789 non
1231 2724 1302 2789 sine
1331 2721 1486 2788 conflictu

436 2823 633 2913 praegrandi,
663 2830 862 2912 captumque
896 2825 1083 2892 transmisit
1113 2825 1264 2908 Cadistus,
1294 2847 1353 2913 pro
1384 2824 1486 2912 ipsius

439 2927 590 2993 custodia
611 2927 771 2994 securiori

269 3045 407 3110 memo
482 3027 573 3096 ⁵Sed
595 3029 672 3096 licet
694 3052 753 3118 per
775 3029 846 3096 dies
868 3034 903 3096 et
924 3029 1031 3109 horas,
1045 3051 1104 3118 per
1124 3051 1253 3098 menses
1274 3034 1309 3096 et
1330 3027 1484 3110 morulas,

268 3112 406 3230 ffhffll'gd
436 3153 559 3219 perque
588 3137 737 3220 tempora
768 3131 849 3200 satis
882 3132 931 3198 eis
967 3132 1078 3220 longa,
1109 3134 1203 3220 quasi
1234 3156 1256 3198 a
1286 3133 1339 3198 die
1371 3131 1485 3198 Sancti

268 3245 387 3296 Lornto
436 3234 594 3301 Edwardi
609 3235 710 3323 Regis
734 3235 772 3300 in
794 3233 936 3323 ⁰hyeme
960 3235 1122 3322 usquead
1138 3235 1275 3302 Festum
1297 3235 1412 3302 Sancti
1427 3234 1452 3300 J
1452 3256 1486 3300 o-

266 3318 401 3429 ζζέᾓζζ
436 3336 557 3403 hannis
579 3338 741 3425 Baptistae
763 3337 801 3402 in
824 3341 948 3418 aestate,
973 3338 1020 3404 sio
1041 3337 1199 3405 continue
1220 3337 1330 3404 riserit
1352 3343 1387 3403 et
1404 3337 1485 3402 arri-

267 3451 383 3510 country.
435 3439 515 3505 serit
544 3439 626 3526 ipsis
649 3461 718 3506 sors
739 3440 846 3505 multa
872 3461 1035 3528 prospera,
1066 3440 1108 3506 de
1129 3441 1294 3507 contrario
1316 3461 1396 3507 vero
1418 3439 1485 3506 suis

436 3540 642 3624 adversariis,
666 3541 868 3630 singulisque
898 3541 972 3608 aliis
998 3542 1265 3608 machinantibus
1294 3547 1410 3608 eontra
1430 3563 1486 3607 eos

435 3643 542 3725 mala3
579 3641 826 3724 'nibilominus
856 3645 899 3711 ad
929 3645 1065 3714 modum
1096 3667 1164 3712 non
1193 3646 1298 3712 solum
1331 3643 1485 3733 ⁸psittaoi

435 3746 587 3825 volucris,
616 3747 659 3814 do
680 3747 773 3834 cujus
795 3769 914 3837 genere
945 3747 1061 3814 scribit
1092 3749 1246 3816 Metrista
1274 3748 1336 3815 sub
1367 3747 1485 3814 horum

435 3849 610 3916 verborum
625 3849 761 3930 serie,—

507 3979 524 4009 “
546 3971 656 4042 ⁰Cum
678 3975 763 4041 bene
785 3979 864 4041 sunt
887 3974 1007 4042 olausae
1028 3995 1129 4044 cavea
1149 3975 1320 4044 Pandione
1342 3980 1440 4058 natm,

593 4085 612 4114 “
633 4075 768 4143 Nititur
788 4078 826 4143 in
848 4077 960 4164 sylvas
982 4100 1121 4166 quaeque
1143 4079 1250 4146 redire
1271 4101 1372 4162 suae3

435 4186 631 4254 nitebantur
660 4188 762 4254 etiam
795 4191 831 4253 et
852 4186 925 4276 ipsi,
948 4187 1051 4255 clausi
1071 4189 1150 4256 licet
1170 4194 1299 4259 starent
1327 4188 1365 4255 in
1387 4209 1487 4256 cavea

435 4335 1173 4344 ——-·-—.—--—-———-—-——-——-—-.-
1428 4335 1483 4344 -υ-

468 4405 477 4438 ¹
489 4405 590 4458 Hearne
613 4407 686 4458 resds
710 4403 862 4470 “obediet’'
886 4406 937 4457 end
1016 4405 1027 4440 ⁸
1034 4425 1101 4472 perae
1111 4407 1139 4459 in
1149 4407 1207 4462 Ms.

435 4487 519 4537 would
530 4489 592 4537 omit
611 4487 683 4536 ‘ei'’.·
699 4487 745 4537 but
755 4502 841 4553 qnery.
1015 4485 1313 4540 ⁷stctitominurinMS.

468 4563 710 4616 2νιιοὶΙὶειιειίιιΜῧ.
1014 4565 1126 4633 ⁸peiwo'
1137 4567 1232 4620 intus.

468 4643 753 4710 'serumserum
1015 4645 1482 4712 ⁹0vtnnpm.1³ona1.iit11.so,

468 4725 612 4774 munimem
623 4725 651 4774 in
661 4725 719 4776 MS.
982 4732 1022 4786 ⁴0,
1033 4726 1137 4793 slightly
1148 4728 1250 4778 nltered.

468 4803 525 4851 'set
535 4803 563 4853 in
573 4803 631 4856 ΜΒ.
