3588 5838
450 863 493 927 24
782 873 982 925 auorsrnuu
1004 872 1163 924 sensnm

282 1066 468 1125 A.D·1⁴⁵2·“
490 1065 609 1146 verint,
633 1063 687 1132 vel
718 1063 862 1144 frutices,
884 1085 1017 1142 errores,
1039 1061 1101 1128 hoc
1133 1063 1192 1142 est,
1215 1059 1285 1124 sive
1317 1058 1500 1138 abusiones,

451 1173 469 1205 “
491 1173 550 1234 aut
580 1189 729 1236 excessus
760 1168 864 1253 aliqui
895 1166 961 1246 elii,
986 1164 1043 1253 qui
1076 1186 1135 1251 per
1165 1167 1314 1229 nostram
1347 1183 1500 1247 raugam,

453 1275 469 1307 “
491 1271 548 1336 vel
569 1263 722 1359 ligonem,
743 1270 842 1336 evelli
864 1267 1045 1356 ¹poterunt
1064 1267 1184 1354 aptius,
1208 1265 1279 1331 sive
1313 1264 1497 1351 extirpari;

451 1377 469 1409 “
492 1377 527 1439 et
547 1393 617 1452 nos,
636 1372 738 1459 juxta
757 1371 941 1438 doctrinam
964 1368 1198 1457 propheticam,
1213 1367 1366 1433 volumus
1387 1367 1499 1432 auimo

452 1476 612 1542 “libenti
646 1473 785 1541 evellere
822 1495 885 1554 eos,
921 1477 955 1538 et
989 1473 1165 1547 destrucre,
1197 1469 1424 1557 aedifioareque
1461 1491 1499 1535 ac

451 1578 713 1666 “complantare
736 1576 825 1655 talia,
850 1597 924 1662 quae
954 1575 1099 1641 fructum
1121 1571 1212 1638 illius
1242 1570 1392 1638 debitum
1414 1573 1501 1638 alere

452 1687 471 1718 “
493 1681 645 1759 habeant,
667 1684 702 1746 et
725 1679 878 1746 enutrire.
922 1676 1024 1744 Absit
1046 1677 1142 1754 enim,
1158 1674 1286 1753 fratres,
1307 1679 1356 1753 ut,
1378 1674 1500 1740 nostris

451 1784 529 1848 “in
551 1783 759 1871 temporibus,
783 1803 804 1848 a
825 1779 920 1846 nobis
950 1781 1007 1866 qui
1039 1778 1139 1864 hujus
1167 1777 1275 1844 vineae
1304 1777 1383 1844 novi
1406 1777 1501 1864 quasi

452 1885 632 1951 “firmarii
665 1883 884 1964 subsistimus,
917 1882 1059 1948 diminui
1090 1881 1212 1946 habeat
1246 1880 1353 1945 divini
1386 1901 1501 1946 census

453 1994 469 2025 “
491 1988 646 2074 obsequii,
662 1986 720 2074 qui
742 1986 822 2052 olim
844 1985 887 2050 ab
910 1985 1058 2071 antiquis
1080 1983 1151 2071 ejus
1173 1982 1354 2049 cultoribus
1376 1982 1502 2048 solebat

452 2099 471 2126 “
492 2090 655 2179 persolvi;
679 2089 870 2176 praesertim,
894 2110 969 2154 cum
991 2109 1058 2153 non
1080 2086 1188 2173 impar
1210 2106 1347 2172 pensum
1378 2084 1502 2151 debitte

451 2201 470 2228 “
492 2191 665 2259 solutionis
680 2215 701 2257 a
714 2192 809 2258 nobis
825 2190 989 2258 Dominus
1005 2189 1122 2276 exigit,
1137 2209 1237 2275 quam
1252 2192 1406 2273 exegerat
1422 2186 1501 2254 olim

453 2303 471 2333 “
493 2295 536 2360 ab
559 2293 632 2360 aliis
648 2291 769 2381 quibus
784 2293 869 2358 hano
891 2313 984 2358 suam
1006 2292 1138 2358 vineam
1160 2291 1203 2356 ad
1225 2289 1355 2356 firmam
1368 2291 1501 2357 locavit.

453 2404 470 2435 “
493 2399 546 2464 Ne
568 2397 681 2484 igitur,
703 2397 830 2478 fratres,
854 2395 997 2482 impares
1019 2395 1121 2460 simus
1143 2393 1219 2473 illis,
1235 2399 1295 2459 aut
1318 2392 1501 2473 dissimiles,

452 2511 631 2588 “quorum
654 2521 742 2566 nunc
765 2500 852 2565 vices
874 2498 1026 2588 gerimus,
1046 2495 1191 2583 factique
1225 2517 1339 2562 sumus
1369 2495 1500 2562 habita-

452 2604 565 2671 “culo
595 2623 800 2683 successores,
823 2601 1008 2667 laboremus
1042 2621 1155 2666 omnes
1190 2597 1358 2678 efficacius,
1387 2621 1438 2678 ne,
1472 2601 1501 2666 si

452 2714 473 2744 “
495 2706 625 2774 venerit
647 2707 755 2773 vincae
786 2705 947 2784 dominus,
982 2710 1017 2770 et
1049 2703 1218 2770 invenerit
1250 2724 1310 2769 nos
1343 2703 1501 2783 remiaeos,

453 2819 470 2846 “
492 2811 609 2898 perdat
631 2831 690 2875 nos
715 2814 875 2897 tanquam
897 2807 1009 2886 melos,
1026 2807 1197 2893 locareque
1224 2790 1407 2872 decreverit
1427 2829 1500 2872 eam

454 2912 644 3000 “agricolis
667 2911 749 2990 aliis,
772 2913 830 2998 qui
859 2910 924 2977 sibi
954 2911 1099 2977 fructum
1129 2907 1265 2976 reddere
1296 2909 1442 2976 habeant
1464 2910 1501 2975 in

453 3022 472 3052 “
494 3015 698 3104 temporibus
721 3014 816 3083 suis.''

285 3119 422 3172 Atussa
499 3118 626 3199 Quibus
649 3117 695 3183 sic
718 3116 824 3196 dictis,
847 3116 1046 3182 hortabatur
1068 3115 1186 3180 fratres
1215 3113 1358 3181 seniores
1380 3136 1500 3196 omnes,

283 3187 420 3306 ffiffl
454 3224 489 3286 et
525 3221 689 3308 praecipue
727 3241 781 3286 eos
819 3219 877 3305 qui
914 3223 1010 3284 erent
1047 3217 1136 3283 inter
1172 3216 1261 3304 ipsos
1299 3217 1501 3284 ardentiores

284 3321 386 3438 ffirw
453 3321 620 3408 religionis
648 3321 813 3399 zelatores,
836 3325 876 3386 ut
905 3318 1012 3397 simul,
1034 3319 1104 3384 sive
1134 3341 1288 3398 seorsum,
1310 3320 1354 3385 ad
1383 3320 1501 3408 ipsum,

285 3403 415 3505 &espen
453 3446 528 3490 oum
550 3430 690 3507 vacaret,
713 3422 910 3502 accederent,
934 3423 975 3493 do
996 3421 1127 3509 illisque
1150 3445 1224 3510 quae
1246 3423 1351 3510 magis
1373 3422 1501 3510 indige-

284 3520 416 3639 gffiw
452 3527 535 3593 bant
557 3527 762 3604 correctione,
777 3525 907 3614 plenius
922 3525 1146 3591 informarent.
1185 3525 1260 3606 Qui,
1279 3525 1378 3590 simul
1392 3546 1501 3592 secum

284 3653 393 3722 pauely
453 3629 668 3710 consulentes,
703 3637 738 3696 et
769 3651 920 3708 seorsum,
956 3629 1239 3715 deliberantesque
1275 3629 1317 3694 do
1354 3627 1501 3708 diversis,

284 3721 383 3838 ᾖξε
452 3740 657 3800 messuerunt
677 3733 808 3812 iterum,
822 3739 898 3820 post
920 3733 1085 3799 modicum
1107 3731 1264 3820 temporis
1278 3731 1502 3810 intervallum,

377 3824 384 3839 '
452 3837 675 3923 dixeruntque
698 3858 767 3902 esse
788 3837 862 3914 tria,
885 3836 974 3902 inter
994 3834 1069 3914 alia,
1094 3856 1168 3921 quae
1192 3833 1263 3920 jam
1294 3833 1422 3900 diutius
1445 3857 1502 3901 ne-

452 3941 561 4027 glecta
575 3939 715 4023 fuerant,
730 3939 990 4027 indigebantque
1012 3937 1243 4005 reformatione
1265 3957 1393 4024 magna,
1409 3937 1501 4003 vide-

452 4044 538 4123 licet,
561 4043 711 4109 doctrina
736 4043 898 4130 juvenum
929 4043 967 4107 in
998 4042 1148 4118 claustro,
1170 4061 1326 4106 numerus
1358 4040 1500 4106 fratrum

452 4145 488 4212 in
521 4145 648 4226 Studio,
672 4152 706 4212 et
736 4144 929 4235 praedicatio
961 4144 1053 4210 verbi
1085 4144 1193 4210 divini
1224 4165 1283 4231 per
1314 4141 1434 4209 fratres
1464 4143 1501 4208 in

452 4248 590 4338 pulpito.

283 4357 343 4477 εΤοῑιῃοΙ
350 4373 407 4479 igss’
497 4353 542 4418 Et
557 4353 631 4418 ideo
643 4349 794 4417 doctrina
804 4350 966 4437 juvenum
982 4350 1018 4416 in
1034 4347 1310 4434 eumue-quie
1324 4367 1383 4436 per
1397 4369 1502 4413 annos

284 4492 367 4544 'meh
375 4495 438 4546 euch
452 4455 562 4544 plures
587 4455 658 4542 jam
681 4453 832 4541 dilapsos,
856 4452 986 4519 nullum
1016 4454 1151 4519 doctum
1179 4451 1349 4517 habebant
1380 4450 1502 4538 megis-

282 4559 406 4613 retornis
452 4564 551 4639 trum,
584 4557 642 4644 qui
673 4556 772 4624 sciret
803 4578 857 4622 eos
888 4554 1090 4622 sufficienter
1122 4555 1286 4620 instruere
1308 4555 1345 4618 in
1370 4551 1502 4641 ”gram-

486 4851 492 4884 ¹
502 4852 608 4918 pooerim
619 4849 645 4901 in
656 4849 712 4903 MS.
975 4845 981 4915 Ι
1028 4845 1248 4913 ²9romaticalbue
1259 4845 1286 4897 in
1299 4846 1360 4900 MS.
