3668 5842
526 890 699 944 Jonaums
720 891 1007 944 wflufflausrunn
1029 890 1204 942 SECUNDAE.
1327 877 1388 938 251

348 1085 367 1117 ‘⁴
388 1079 479 1167 quod
493 1079 534 1148 de
548 1077 739 1147 ¹vsrisimili
754 1101 813 1168 per
835 1079 944 1146 multa
964 1075 1305 1146 annorum'cmricula
1326 1095 1395 1142 non
1406 1087 1473 1140 al).
1487 1093 1558 1140 uso.

349 1189 368 1218 “
388 1177 525 1270 poterit'
534 1205 592 1269 per
616 1205 677 1249 vos
699 1183 854 1250 satisfieri
883 1184 1005 1250 vestris
1035 1182 1258 1260 creditoribus,
1281 1179 1394 1269 plena—

349 1289 367 1321 “
388 1286 478 1352 rieve
499 1285 650 1373 persolvi.
696 1285 768 1352 Ubi
794 1285 928 1373 insuper
950 1285 1125 1374 profectus,
1147 1288 1336 1372 proventus,
1361 1286 1395 1348 et

350 1393 369 1426 “
390 1393 555 1466 reventna,
580 1393 702 1456 vestrae
732 1388 930 1455 Oelsitudini
962 1391 1175 1477 pertinentes,
1199 1387 1326 1454 dudum
1359 1385 1395 1450 in

349 1497 369 1527 “
391 1512 426 1557 se
447 1491 553 1558 eidem
579 1492 661 1557 satis
684 1491 1015 1579 'superabundanter
1037 1490 1234 1558 sufficientes
1255 1490 1396 1568 fuerant,
1465 1523 1467 1526 ·

350 1598 369 1629 “
389 1593 435 1660 sic
455 1617 517 1682 pro
530 1613 620 1661 nunc
634 1594 830 1675 abbreviati,
847 1595 1010 1672 defalcati,
1026 1593 1259 1680 diminutique,
1275 1589 1397 1656 subsis-

350 1701 368 1732 “
390 1701 479 1774 tunt,
494 1697 583 1784 quod
605 1719 671 1764 non
688 1697 855 1764 sufficiunt
877 1698 1110 1765 convenienter
1135 1700 1194 1762 aut
1211 1698 1398 1780 competen-

351 1807 370 1835 “
391 1803 444 1866 ter
465 1804 651 1866 sustentare
674 1801 967 1888 praehonorabilem
990 1805 1115 1867 statum
1132 1799 1263 1865 honoris
1285 1795 1397 1872 vestri,

351 1909 370 1936 “
390 1907 451 1968 aut
479 1907 672 1990 supportare
702 1925 803 1970 onera
832 1905 899 1970 alia
924 1903 1074 1989 quotidie
1104 1899 1339 1976 incumbentia,
1361 1897 1399 1962 in

351 2009 371 2040 ‘⁴
394 2005 560 2070 defensam
575 2010 611 2071 et
626 2004 804 2073 tuitionem
826 2005 918 2094 regni
940 2005 1266 2092 vestri-Dignatur
1283 2003 1397 2069 eadem

352 2112 371 2146 “
392 2111 504 2173 vestra
533 2107 711 2188 Celsitudo,
734 2109 775 2174 de
808 2109 1014 2174 avisamenta
1044 2112 1080 2174 et
1116 2129 1248 2173 assensu
1271 2109 1398 2171 vestro·

352 2218 370 2246 “
392 2231 466 2275 rum
495 2209 721 2292 Dominorum,
744 2215 814 2276 tam
846 2210 1079 2297 Spiritualium
1102 2233 1201 2297 quam
1223 2208 1398 2296 Tempora-

352 2313 369 2347 “
391 2311 483 2390 lium,
497 2333 598 2399 quam
620 2311 721 2378 etiam
732 2313 773 2378 de
787 2312 1008 2380 ⁸auctoritato
1028 2312 1133 2380 totius
1147 2312 1250 2379 vestri
1273 2311 1399 2377 Parlia-

353 2420 371 2451 “
394 2415 508 2495 menti,
535 2415 590 2482 hic
618 2438 678 2504 pro
700 2437 789 2482 nunc
821 2417 1020 2504 congregati,
1049 2417 1086 2480 in
1114 2415 1399 2503 supportationem

353 2517 498 2605 “primo
519 2517 623 2584 vestri
645 2518 779 2584 honoris
800 2519 892 2606 regii,
914 2519 958 2584 ad
979 2519 1249 2607 complacentiam
1271 2517 1400 2585 Summi

352 2627 371 2656 “
393 2619 466 2698 Dei,
489 2620 640 2700 secundo,
655 2620 692 2684 in
707 2621 955 2699 accurationem,
969 2621 1258 2709 prosperationem,
1274 2625 1309 2688 et
1324 2642 1400 2688 con-

353 2727 373 2757 “
394 2723 754 2801 se1uationem,vestras
768 2745 916 2813 persona
929 2724 1078 2812 propriae,
1096 2729 1131 2790 et
1145 2724 1255 2804 tertio,
1266 2729 1400 2812 propter

353 2832 372 2860 “
394 2825 581 2891 universale
602 2823 728 2891 bonum
749 2831 784 2891 et
806 2827 1013 2892 commodum
1038 2825 1143 2893 totius
1164 2827 1268 2892 vestri
1296 2825 1399 2915 regni,

354 2932 373 2963 “
395 2930 429 2992 et
451 2927 614 3015 praecipue
636 2927 673 2991 in
695 2929 984 3014 praeservationem
1002 2933 1123 2994 vestrae
1144 2927 1249 3015 plebis
1270 2951 1291 2994 a
1313 2949 1401 2993 mur-

355 3035 374 3064 “
395 3029 589 3107 manatione,
622 3029 775 3115 accipere,
808 3029 927 3110 saisire,
950 3030 1077 3108 habere,
1110 3034 1145 3096 et
1181 3031 1331 3112 retinere,
1364 3021 1404 3096 ac¹

355 3136 376 3168 “
397 3131 498 3196 etiam
520 3130 745 3197 ‘reassumere
766 3131 802 3196 in
824 3153 944 3198 manus
964 3136 1100 3210 vestras,
1116 3137 1151 3197 et
1172 3133 1208 3196 in
1231 3133 1402 3221 possessio·

356 3238 374 3269 “
396 3253 481 3314 nem,
512 3256 533 3299 a
563 3234 660 3300 Festo
684 3234 800 3300 Sancti
832 3235 1002 3301 Michaelis
1024 3235 1221 3322 Archangeli
1253 3236 1403 3322 proximo

357 3342 375 3370 “
395 3335 517 3415 futuro,
533 3336 644 3402 omnia
665 3336 814 3416 honores,
831 3341 948 3420 castra,
971 3337 1124 3416 dominia,
1140 3337 1246 3416 villas,
1260 3337 1403 3420 villatas,

356 3443 375 3473 “
396 3438 552 3519 maneria,
574 3443 688 3520 terras,
719 3443 917 3518 tenementa,
950 3443 1055 3518 vasta,
1086 3437 1232 3519 forestas,
1261 3440 1402 3520 chaceas,

356 3545 376 3578 “
397 3541 558 3619 redditus,
586 3541 798 3622 reversiones,
830 3541 931 3623 feoda,
962 3541 1082 3620 firmes,
1108 3543 1253 3624 servitia,
1284 3545 1403 3623 exitus,

356 3649 374 3678 ‘⁴
395 3642 541 3731 proficua
556 3641 753 3722 Comitatus,
768 3644 999 3710 advocationes
1014 3643 1234 3725 Primatum,
1247 3647 1405 3713 Ecclesia

356 3751 375 3781 “
396 3767 479 3824 rum,
502 3745 735 3832 Hospitalium,
751 3751 786 3812 et
807 3745 984 3812 liberarum
1008 3745 1223 3833 Capelianum,
1239 3769 1277 3815 ac
1292 3771 1405 3815 omnes

358 3855 375 3883 “
396 3848 479 3913 alias
500 3849 719 3930 reventiones,
737 3869 811 3914 cum
835 3849 902 3914 suis
924 3849 1145 3936 pertinentiis,
1169 3871 1244 3938 quae
1266 3873 1288 3916 a
1309 3851 1405 3918 vobis

357 3957 375 3986 “
397 3949 481 4016 citra
511 3949 655 4037 primum
690 3951 776 4016 diem
807 3952 902 4040 regni
923 3952 1026 4018 vestri
1048 3950 1260 4031 transierunt,
1282 3957 1317 4018 et
1346 3975 1405 4040 per

357 4061 376 4088 “
396 4073 455 4118 vos
488 4057 523 4118 et
544 4052 690 4118 Litteras
712 4058 841 4120 vestras
875 4053 1043 4135 Patentes,
1067 4076 1127 4142 per
1149 4051 1404 4121 ⁵auctoritatem

357 4163 376 4191 “
398 4153 621 4235 Parliamenti,
643 4175 703 4222 seu
733 4157 845 4244 aliquo
869 4155 936 4222 alio
958 4157 1065 4238 modo,
1089 4179 1147 4244 per
1173 4157 1404 4237 concessiones,

358 4262 376 4294 “
399 4257 674 4339 confirmationes,
689 4263 749 4325 aut
770 4261 999 4338 relaxationes,
1014 4263 1150 4338 vestras,
1166 4259 1204 4323 in
1218 4258 1313 4326 feodo
1328 4260 1405 4326 sim-

358 4367 376 4395 “
397 4359 485 4447 plici,
500 4364 561 4426 aut
582 4360 677 4428 feodo
698 4361 838 4442 talliato,
855 4363 898 4426 ad
920 4361 1099 4428 terminum
1113 4361 1203 4444 vitae,
1218 4367 1278 4428 aut
1292 4364 1405 4429 termi-

357 4470 375 4498 “
398 4485 478 4528 num
500 4485 672 4544 annorum,
691 4463 791 4530 alicui
813 4485 968 4552 personae,
983 4462 1037 4528 vel
1059 4462 1227 4549 aliquibus
1249 4467 1404 4552 personis,

591 4613 622 4619 .—
638 4611 967 4620 ——---........-—.-—---
985 4609 1091 4616 -·-———--

392 4687 399 4718 ¹
412 4684 539 4736 waaris·
548 4686 575 4736 in
586 4687 642 4739 MS.
936 4685 947 4715 ⁴
958 4701 1093 4734 rausumcre
1105 4686 1132 4734 in
1144 4685 1200 4737 Ms.

391 4765 653 4831 'superhabundanter
662 4767 689 4818 in
699 4767 756 4820 MS.
938 4764 949 4795 ⁵
960 4766 1113 4814 autoritatem
1125 4764 1150 4814 in
1161 4764 1217 4816 MS.

392 4843 544 4895 tomeritate
555 4843 581 4894 in
592 4845 648 4897 MS.
