3588 5838
456 875 520 940 128
791 889 990 938 neersrnuu
1012 887 1171 938 insana

284 1089 471 1160 su.1sss.“
493 1103 563 1148 esse
595 1080 828 1158 concludimus,
856 1080 935 1167 quis
961 1079 1033 1164 jem
1057 1079 1188 1156 deditis,
1212 1100 1287 1144 cum
1304 1077 1505 1164 juramentis

454 1193 470 1218 “
493 1183 655 1260 maximis,
680 1182 769 1268 quod
800 1183 893 1269 prius
924 1181 1047 1248 nedum
1081 1181 1177 1248 uobis
1207 1181 1347 1260 dixeras,
1371 1178 1505 1259 ¹imm0,

452 1294 470 1320 ‘¹
493 1286 593 1350 etiem
623 1283 697 1349 aliis
719 1284 830 1361 variis,
852 1290 952 1371 prout
975 1283 1162 1350 declaratur
1183 1304 1336 1370 expresse
1358 1284 1439 1348 satis
1467 1284 1504 1348 in

453 1385 675 1474 “praemissis
1049 1451 1052 1462 ⁸

283 1511 433 1564 Hefunher
497 1499 514 1526 “
537 1489 706 1555 Dixerunt
742 1489 843 1554 etiem
882 1487 977 1554 nobis
1014 1489 1056 1554 de
1090 1495 1133 1566 te,
1168 1489 1332 1575 quomodo
1363 1494 1411 1566 tu,
1445 1509 1503 1573 per

281 1593 386 1695 ffl'ss
452 1601 468 1627 “
491 1598 601 1660 totum
633 1597 764 1677 tempus
797 1597 865 1657 tuae
897 1589 1202 1668 administracionis,
1231 1591 1275 1657 ed
1305 1591 1413 1656 instar
1441 1589 1503 1654 filii

280 1662 378 1790 mvidg
452 1702 469 1730 ⁴¹
492 1694 603 1762 saeculi
635 1693 744 1778 hujus,
768 1691 983 1780 'negotiator
1008 1691 1103 1758 fuisti
1132 1693 1305 1770 maximum,
1328 1692 1502 1759 studuisti-

281 1793 432 1897 ”ffl'ge
451 1805 467 1832 “
491 1818 555 1882 que
576 1795 707 1862 assidue
728 1795 815 1862 bono
837 1795 907 1862 foro
930 1815 1044 1874 emere,
1067 1801 1103 1860 et
1125 1817 1200 1861 caro
1222 1795 1328 1882 pretio
1350 1795 1503 1871 vendere,

280 1860 411 1963 lmese-
452 1907 468 1934 “
491 1907 526 1965 et
548 1897 717 1986 posterius,
749 1903 859 1964 totum
890 1898 1018 1964 lucrum
1047 1898 1244 1984 proveniens
1265 1897 1303 1963 in
1325 1903 1401 1963 tuos
1423 1918 1503 1962 usus

280 1977 426 2108 ffissfffi
453 2010 470 2036 “
490 2001 678 2087 peculiares,
697 2007 733 2066 et
754 1999 945 2066 nullatenus
967 2000 1011 2066 ed
1032 2006 1166 2066 tuorum
1189 1999 1361 2067 commoda
1383 1999 1504 2066 officio-

281 2111 468 2296 iiiii«
490 2102 949 2292 tlttltfflnltlt
967 2109 1222 2292 ltillztt
1236 2101 1503 2290 ttittll

367 2281 374 2296 ’
450 2316 467 2343 “
489 2307 640 2386 officium,
664 2307 826 2386 videlicet,
846 2308 1003 2387 Bursarii,
1021 2313 1055 2374 at
1072 2307 1214 2374 officium
1233 2307 1501 2388 subcellerarii,

450 2419 468 2445 “
489 2431 511 2475 a
526 2410 647 2496 quibus
661 2415 701 2476 tu
715 2432 775 2498 pro
791 2431 881 2476 nune
895 2432 953 2498 per
967 2431 1037 2486 nos,
1055 2415 1189 2498 propter
1204 2415 1280 2476 tues
1295 2411 1502 2498 importunes

450 2521 468 2548 “
490 2513 677 2590 instantias,
693 2511 880 2590 absolveris,
898 2513 947 2578 its
969 2511 1111 2598 spoliate
1132 2511 1442 2600 ⁴depauperatsque
1465 2515 1503 2577 in

450 2620 550 2681 “tuo
583 2637 710 2682 recessu
743 2615 931 2701 reliqueras,
966 2621 1007 2679 ut
1038 2635 1097 2679 nee
1129 2613 1163 2678 in
1200 2635 1267 2680 uno
1300 2613 1502 2694 invenietur,

452 2723 469 2752 “
492 2737 551 2783 nec
573 2717 610 2782 in
632 2717 745 2796 altere,
771 2729 889 2782 eurum
912 2722 972 2782 eut
997 2722 1156 2794 staurum,
1179 2723 1239 2782 aut
1261 2715 1395 2802 aliquod
1426 2737 1501 2782 cou-

451 2827 468 2854 “
490 2819 636 2897 veniens,
651 2839 716 2907 quo
732 2818 926 2906 supportari,
943 2839 1002 2884 seu
1024 2818 1178 2906 suppleri,
1197 2818 1309 2884 valeat
1332 2823 1501 2884 assuetum

450 2921 786 3008 “quotidianumque
817 2941 931 2987 eorum
962 2941 1052 2988 onus.
1098 2921 1144 2986 Et
1174 2942 1272 3007 super
1293 2921 1329 2986 id
1353 2921 1501 3002 tritonus,

448 3034 467 3060 “
488 3025 539 3090 ite
576 3030 670 3090 stent
707 3022 893 3089 indebitets
929 3022 1070 3088 diversis
1105 3022 1333 3103 creditoribus,
1367 3029 1408 3088 ιιι
1440 3024 1501 3088 vix

449 3135 466 3164 “
489 3125 678 3192 ⁵suffi0imt
707 3125 755 3192 eis
789 3125 975 3190 satisfacere
1006 3124 1183 3190 dummodo
1213 3147 1274 3191 nos
1306 3124 1500 3206 vixerimus,

450 3234 468 3263 ‘⁴
491 3229 726 3316 contingetque
747 3227 851 3306 nobis,
863 3227 934 3312 jem
953 3247 1021 3313 pree
1036 3225 1194 3313 languore
1216 3247 1300 3314 pene
1318 3227 1499 3294 deficienti·

450 3336 468 3366 “
491 3330 563 3407 bus,
585 3330 733 3417 regimen
755 3329 898 3394 ecclesiae
921 3329 1019 3394 istius
1041 3328 1188 3395 habere.”

280 3447 382 3498 Andos
496 3439 512 3466 “
527 3431 695 3497 Dixeruut
726 3431 838 3516 itaque
860 3430 999 3496 ulterius
1022 3429 1064 3497 de
1086 3435 1129 3509 te,
1152 3431 1315 3518 quomodo
1337 3437 1410 3498 toto
1441 3431 1500 3497 illo

280 3514 419 3631 ffigffl
450 3537 469 3568 “
492 3532 672 3619 longinquo
695 3536 842 3619 tempore
858 3553 924 3618 quo
946 3535 985 3597 tu
1008 3532 1120 3599 stabas
1141 3533 1178 3598 in
1201 3533 1498 3616 administratione,

280 3645 364 3709 etue,
449 3641 466 3670 “
489 3635 633 3700 multum
654 3633 883 3722 “negligenter
915 3635 1025 3720 quoed
1056 3640 1117 3700 tus
1131 3633 1237 3701 officia
1266 3640 1302 3702 tc
1327 3635 1500 3717 habueras,

279 3713 411 3845 {3204
450 3743 469 3772 ‘¹
491 3758 551 3802 nso
573 3737 744 3803 commoda
765 3758 887 3816 eorum,
910 3742 945 3802 et
971 3737 1181 3816 incrementa,
1204 3744 1303 3824 prout
1332 3736 1498 3818 debueras,

280 3846 414 3900 uerutis
449 3845 468 3874 “
492 3844 526 3905 te
548 3845 689 3906 vacante
718 3839 802 3920 aliis,
833 3840 931 3904 modo
962 3838 1075 3905 debito
1097 3839 1304 3926 procumbes
1347 3839 1394 3906 Et
1424 3841 1499 3907 illos

279 3911 389 4032 suess
449 3947 466 3978 “
488 3943 604 4030 itaque
624 3939 678 4008 ‘ex
711 3941 773 4009 hoc
810 3963 944 4008 remees
975 3941 1177 4028 concipimus
1210 3939 1499 4030 concludimusque

450 4051 468 4078 “
490 4044 588 4110 modo
610 4065 689 4123 esse,
707 4045 787 4130 quie
813 4043 870 4110 illa
892 4044 1013 4123 omnia,
1034 4049 1070 4110 et
1090 4043 1258 4132 praeeipue
1278 4045 1346 4110 triu
1366 4045 1498 4111 illorum

448 4154 465 4183 ‘⁶
488 4147 644 4226 maxima,
675 4152 724 4225 ut,
755 4151 845 4233 putu,
877 4145 1019 4212 officium
1050 4145 1206 4226 Ournerae,
1229 4151 1264 4212 et
1296 4146 1362 4212 duo
1392 4145 1499 4214 officie

449 4255 467 4285 “
490 4248 583 4336 prius
598 4248 698 4328 dieta,
718 4253 811 4314 stunt
826 4269 885 4335 pro
899 4269 989 4314 nune
1004 4269 1212 4336 nequaquam
1226 4249 1263 4313 in
1285 4247 1498 4330 incremento,

450 4359 466 4386 “
489 4351 620 4416 sivein
643 4357 736 4417 stetu
758 4349 866 4430 solito,
889 4348 1013 4416 ¹immo
1035 4349 1154 4428 verius,
1169 4349 1207 4415 in
1230 4349 1448 4434 decremento,
1462 4353 1500 4418 iu

448 4461 466 4491 ‘¹
489 4455 672 4542 dscesuque
693 4475 762 4519 non
785 4453 923 4533 modico,
938 4453 1195 4540 pejorenturque
1210 4453 1247 4517 in
1269 4455 1408 4542 receptis
1430 4457 1499 4520 suis

481 4671 489 4704 ¹
499 4671 590 4737 yncin
601 4670 666 4724 MS..
1030 4666 1381 4734 4ᾰιιιιιιφιήιιιιιριωἱιιΜΒ.

480 4748 738 4816 smyasoarinus.
1030 4747 1276 4813 ‘cqfficiattinlffi

481 4827 737 4882 ’michalam
1030 4825 1315 4894 ‘aelwinus
