3582 5838
440 867 504 930 194
773 881 969 932 uuorsruuu
992 881 1149 932 ussurus
1223 907 1226 920 ·

273 1071 457 1128 A.D.1⁴⁵⁵·“
478 1067 568 1134 mino
599 1069 771 1136 solutionis
801 1070 978 1158 incipiente
1009 1071 1045 1135 in
1077 1070 1177 1136 Festo
1207 1068 1484 1136 Annuncintionis

439 1177 459 1207 “
480 1172 593 1237 Bentae
626 1172 741 1240 Meriae
763 1173 908 1261 Virginis
940 1172 1091 1260 proximo
1122 1171 1236 1240 futuro
1267 1175 1343 1262 post
1373 1171 1485 1237 <letum

439 1281 457 1308 “
477 1274 698 1361 praesentium.
737 1275 960 1342 Ooueessimus
983 1275 1086 1342 etism
1106 1279 1180 1341 octo
1202 1279 1382 1342 cerectstas
1400 1274 1486 1340 foen·

439 1380 458 1411 “
480 1377 564 1443 lium
585 1377 708 1444 eisdem
728 1377 893 1444 lohannes
923 1383 958 1444 et
980 1377 1128 1444 Johenni
1150 1377 1283 1444 Ferrers
1304 1377 1392 1444 infra
1413 1375 1485 1442 bos·

439 1483 457 1513 “
479 1501 552 1544 cum
576 1480 738 1547 dictorum
761 1480 907 1548 Abbatis
930 1486 964 1546 et
988 1480 1179 1547 Conventus
1198 1481 1240 1546 de
1255 1480 1412 1566 Eywode,
1427 1499 1485 1544 en·

438 1588 455 1615 “
476 1582 615 1661 nuetim,
630 1606 689 1671 per
709 1584 965 1671 assignationem
990 1584 1154 1650 forestarii
1181 1583 1376 1650 Moneeterii
1401 1603 1482 1670 prae·

435 1687 454 1716 “
476 1684 565 1764 dicti,
580 1687 639 1772 qui
661 1708 720 1773 pro
738 1693 885 1774 tempore
903 1686 1027 1770 fuerit;
1048 1685 1257 1752 liberandum
1271 1687 1308 1751 in
1323 1685 1482 1772 praedioto

436 1795 455 1821 “
477 1788 576 1854 Festo
599 1790 874 1857 Annuncietionis
896 1789 1010 1857 Bectae
1033 1789 1158 1870 Mariae,
1180 1791 1223 1856 cd
1245 1795 1357 1856 custus
1382 1788 1482 1854 succi·

435 1890 577 1956 “sionis
599 1898 633 1958 st
664 1895 802 1981 caringii
830 1893 1045 1980 praeietorum
1068 1891 1234 1960 Johenuoe
1263 1899 1298 1958 et
1319 1891 1343 1958 J
1345 1891 1481 1958 ohannis

435 1999 453 2026 “
476 1992 611 2078 Ferers3
635 2018 673 2062 ec
695 1996 796 2062 etiarn
825 2019 929 2061 unum
954 1995 1095 2062 croltum
1119 1999 1325 2078 terraconem
1352 1995 1479 2082 cotegio

436 2103 573 2183 “super
610 2099 725 2165 eodem
761 2099 932 2176 aedificato,
966 2119 1040 2163 cum
1060 2097 1146 2170 ¹suis
1175 2097 1396 2184 pertinentiis,
1428 2098 1444 2184 j

436 2204 451 2230 “
476 2220 551 2264 oens
575 2200 664 2265 ultra
697 2206 832 2288 pontem
855 2202 896 2266 de
919 2199 1103 2283 Hcliwelle,
1125 2200 1347 2286 pertinentem
1377 2199 1480 2266 officio

435 2307 453 2337 “
476 2301 730 2368 Sub-Cellererii
752 2303 835 2368 dicti
858 2302 1057 2381 monosterii,
1071 2308 1225 2368 vocatum
1249 2301 1479 2369 ‘Duffehowse

435 2411 452 2438 “
476 2410 484 2438 ‘
499 2404 583 2469 croft
592 2403 868 2486 ’z—chendum,
883 2405 1073 2484 tenendum,
1084 2411 1120 2470 et
1133 2404 1388 2493 percipiendum,
1397 2427 1478 2493 prae·

434 2515 451 2540 “
475 2505 601 2572 dietum
624 2529 771 2573 annuum
800 2507 970 2573 redditum
998 2507 1140 2596 triginta
1169 2507 1272 2573 trium
1301 2507 1477 2573 solidorum

433 2617 450 2642 “
473 2615 507 2675 et
533 2615 676 2695 quotuor
698 2610 915 2689 deneriorum,
938 2610 1062 2688 focalia,
1086 2614 1120 2675 et
1142 2609 1292 2688 crottum,
1309 2609 1476 2696 praedicte,

432 2719 449 2744 “
472 2712 618 2800 praefntis
640 2712 802 2791 Johcnnae
833 2717 867 2778 et
897 2712 1044 2778 Johnnni
1067 2713 1209 2791 Ferrers,
1233 2712 1276 2778 cd
1298 2713 1476 2778 terminum

432 2821 449 2846 “
472 2813 553 2880 vitae
583 2816 751 2902 praedictae
783 2813 956 2882 Johennee.
1000 2815 1047 2880 Et
1084 2813 1111 2880 si
1145 2814 1317 2902 continget
1351 2813 1476 2880 dictum

431 2924 449 2950 “
471 2938 618 2984 annuum
629 2919 797 2986 redditum
812 2917 915 2982 trium
929 2914 1069 3004 triginta
1091 2916 1270 2982 solidorum
1285 2921 1320 2982 εὴ
1334 2921 1476 3004 quatuor

431 3023 449 3054 “
472 3019 690 3099 denariorum,
723 3020 793 3086 sive
825 3026 899 3086 octo
930 3023 1110 3086 carectetns
1141 3018 1304 3099 fooelium,
1336 3042 1357 3086 a
1386 3025 1475 3087 retro

429 3129 446 3157 “
469 3123 537 3189 fore
558 3123 595 3188 in
616 3129 719 3210 porte,
742 3123 798 3188 vel
826 3123 862 3187 in
885 3126 966 3202 toto,
988 3143 1047 3208 per
1076 3127 1143 3188 tres
1178 3121 1379 3208 septimanas
1400 3128 1474 3210 post

430 3229 449 3260 “
470 3226 614 3311 aliquem
644 3225 823 3292 terminum
854 3225 1003 3312 superius
1034 3228 1209 3305 statutum,
1232 3246 1300 3290 non
1330 3225 1475 3292 solutum

428 3335 446 3360 “
469 3335 504 3394 et
536 3328 721 3408 liberatum,
755 3333 878 3394 extunc
913 3349 982 3406 nos,
1015 3325 1146 3415 praefnti
1176 3326 1290 3393 Abbos
1323 3331 1358 3394 et
1389 3327 1475 3395 Oen·

427 3439 445 3466 “
466 3435 596 3510 ventus,
620 3430 771 3496 volumus
803 3437 838 3497 et
870 3431 1076 3497 concedimus
1110 3451 1168 3517 per
1198 3435 1384 3517 praesentes,
1415 3454 1474 3519 pro

427 3540 445 3565 “
466 3533 562 3598 nobis
584 3537 617 3598 et
640 3533 876 3599 successoribus
898 3533 1032 3614 nestris,
1056 3533 1144 3621 quod
1165 3532 1248 3598 bene
1270 3533 1369 3600 liceat
1391 3555 1473 3621 prae·

426 3641 443 3668 “
465 3633 544 3700 fotis
581 3633 745 3701 Johonnae
782 3641 816 3702 et
849 3635 998 3701 Johenni
1031 3635 1172 3716 Ferrers,
1207 3635 1262 3730 vel
1298 3636 1472 3724 assignetis

425 3745 442 3772 “
465 3737 540 3816 suis,
555 3737 592 3802 in
614 3738 795 3804 manerium
820 3738 985 3804 dictorum
998 3738 1143 3804 Abbatis
1166 3743 1201 3804 et
1216 3738 1410 3805 Conventus
1431 3740 1472 3806 de

424 3848 442 3876 “
465 3839 668 3928 Sendrugge,
691 3841 728 3905 in
758 3840 929 3907 comitatu
958 3840 1171 3919 Hertfordise,
1193 3839 1327 3920 intrare,
1350 3847 1384 3907 et
1413 3863 1472 3928 pro

423 3949 441 3976 “
463 3942 594 4010 defectu
615 3944 787 4010 solutionis
809 3943 1042 4032 proedictorum
1065 3941 1206 4032 triginta
1227 3942 1331 4009 trium
1353 3943 1472 4009 solido·
1547 4027 1552 4040 ι

422 4053 537 4112 “rum
560 4051 594 4112 et
616 4051 759 4133 quotuor
781 4046 1000 4132 denariorum,
1015 4047 1086 4112 sive
1108 4045 1313 4111 liberationis
1334 4046 1471 4134 praedic-

421 4155 440 4182 “
462 4155 572 4214 terum
595 4154 669 4214 octo
692 4153 930 4216 cerecteterum
960 4147 1122 4228 localium,
1145 4147 1183 4213 in
1204 4147 1293 4215 <licto
1316 4149 1469 4228 manerio,

420 4257 439 4285 “
462 4256 495 4316 et
518 4251 555 4315 in
570 4251 718 4337 quelibet
733 4251 875 4339 porcello
896 4249 1051 4336 ejusdem,
1067 4249 1272 4336 distringere,
1295 4255 1329 4317 et
1344 4251 1470 4318 distrio-

421 4359 439 4386 “
461 4353 567 4418 tiones
589 4353 636 4418 sic
657 4375 715 4440 per
736 4354 825 4442 ipsos
847 4353 1037 4420 Johennem
1060 4359 1094 4420 et
1116 4353 1140 4418 J
1143 4351 1306 4419 ohannem
1329 4353 1469 4434 Ferrers,

420 4463 437 4490 “
461 4455 515 4521 vel
536 4455 719 4542 assignatos
741 4479 825 4536 suos,
841 4462 959 4544 captas,
983 4461 1159 4545 asportare,
1175 4457 1298 4545 fugere,
1313 4461 1348 4522 et
1368 4478 1468 4544 penes

419 4565 437 4592 “
460 4580 494 4623 sc
525 4557 675 4638 retinere,
710 4581 880 4647 quousque
913 4560 1035 4626 eisdem
1058 4559 1223 4626 Johcuuae
1254 4563 1289 4626 et
1319 4558 1467 4626 Johnnni

418 4665 436 4696 ‘⁴
459 4661 589 4726 Ferrers
611 4661 652 4727 dc
667 4662 800 4728 redditu
823 4662 988 4750 praedicto,
1004 4667 1039 4728 et
1061 4663 1132 4748 ejus
1147 4661 1372 4751 arreragiisei
1394 4684 1468 4749 quae

418 4769 435 4796 ‘·
457 4763 590 4843 fuerint,
612 4787 740 4832 necnon
763 4766 804 4832 de
827 4771 900 4833 octo
918 4763 1090 4834 cerectetis
1112 4763 1269 4832 foeelium
1291 4763 1466 4854 predictis,
