3668 5842
542 915 718 967 comnis
742 912 1024 964 camanusrann
1047 912 1223 962 sacerna.
1338 891 1403 962 317

358 1391 402 1456 In
405 1411 545 1477 graesae,
558 1387 669 1454 trium
683 1386 724 1452 M
723 1384 929 1453 concliorum
950 1384 990 1450 de
1008 1383 1160 1451 Ooeaobio
1184 1382 1405 1450 Olcaiaoertsi
1416 1397 1485 1449 AJ).
1500 1402 1573 1452 rite.

445 1492 490 1557 in
527 1511 674 1575 reprcunt
706 1488 855 1574 Anglioe,
891 1508 996 1554 caveo
1031 1486 1174 1553 auaui
1210 1485 1404 1552 Dominum

445 1593 577 1678 Regem,
597 1591 801 1678 petendique
830 1590 871 1657 ab
898 1611 933 1656 eo
955 1588 1021 1656 illa
1042 1610 1117 1676 quoe
1139 1588 1224 1656 olim
1246 1586 1405 1654 &babaro-

447 1702 507 1760 τοο
529 1694 577 1760 cie
598 1715 637 1760 ec
653 1693 742 1780 jure.

402 1908 580 1995 ¹Ejusdem
610 1908 723 1994 itaque
756 1907 837 1972 anni
868 1907 904 1971 in
931 1905 1143 1992 temporibus,
1170 1925 1289 1984 mense,
1311 1904 1403 1970 vide·
1416 1922 1499 1972 Three

359 2011 445 2092 licet,
478 2011 545 2091 illo,
580 2031 645 2096 quo
678 2009 864 2097 rejungitur
900 2009 1042 2074 cultrum
1078 2011 1197 2084 aratro,
1231 2005 1403 2093 solentque
1415 1989 1524 2105 affl

357 2112 505 2178 homines
535 2111 625 2177 exire
655 2112 691 2176 in
721 2131 825 2197 agree,
849 2132 946 2176 causa
974 2109 1141 2196 primariae
1167 2109 1401 2187 seminationis,
1416 2121 1538 2185 ungunt,

357 2215 568 2279 intravercmt
583 2213 620 2278 in
639 2234 777 2299 regnum
788 2212 920 2299 Angliae
935 2217 1002 2278 tres
1022 2211 1171 2276 monachi
1187 2211 1227 2277 de
1243 2210 1403 2277 Ooenobio
1415 2187 1562 2318 {¹522}ssth

359 2315 577 2394 cluniacensi,
592 2314 657 2378 viri
680 2313 774 2399 probi
797 2319 831 2379 et
853 2313 1056 2401 spectabiles,
1078 2313 1143 2378 viri
1165 2334 1282 2399 graves
1305 2313 1402 2378 mori·
1417 2319 1560 2386 orclugny.
1658 2339 1663 2358 ·

360 2418 430 2495 bus,
452 2422 488 2482 et
510 2438 606 2482 sensu
630 2438 668 2481 ac
690 2416 828 2481 scientia
849 2416 1028 2502 plurimum
1050 2415 1275 2501 praevalentes.

405 2519 482 2600 Qui,
505 2519 707 2605 applicantes
729 2519 817 2604 apud
833 2517 1022 2594 Dovoriam,
1045 2523 1262 2604 perrexerunt
1283 2519 1403 2584 itinere
1417 2541 1488 2605 They
1500 2540 1559 2590 und

360 2626 458 2702 recto,
495 2641 665 2707 quousque
695 2620 848 2684 venirent
876 2620 920 2684 ad
950 2618 1118 2684 civitatem
1146 2620 1402 2685 Londoniarum.
1416 2607 1565 2723 ffllffgpv

362 2723 447 2789 Illuc
470 2724 587 2807 utique
603 2720 786 2802 venientes,
800 2729 835 2787 et
851 2699 1029 2786 Dominum
1045 2721 1169 2808 Regem
1192 2723 1281 2808 apud
1304 2722 1403 2788 Sanc·
1416 2739 1460 2790 the
1471 2690 1539 2804 Idng
1550 2748 1576 2789 to

362 2833 434 2891 tum
463 2823 632 2889 Albanum
665 2844 734 2888 esse
765 2823 997 2910 intelligentes,
1020 2845 1107 2902 mox,
1130 2844 1222 2888 mora
1253 2825 1403 2911 seposita,
1419 2806 1575 2857 S‘·A¹¹'⁸¹¹’⁸·

362 2927 441 2992 inde
461 2931 670 3005 recesserant,
685 2925 961 3011 ascendentesque
982 2926 1104 2990 iterum
1125 2925 1163 2989 in
1181 2947 1289 3010 equos,
1304 2947 1410 3010 usque

363 3028 406 3093 ad
429 3027 545 3093 villam
568 3024 849 3112 ²Pr0t0martyris
870 3027 1059 3094 veniebant.
1099 3028 1329 3114 Ingredientes
1351 3049 1409 3092 au·

365 3136 432 3196 tem
463 3129 640 3206 ecclesiam,
663 3135 698 3194 et
721 3129 830 3194 varios
860 3129 902 3194 de
931 3129 1093 3195 ministris
1123 3130 1220 3216 regiis
1251 3129 1411 3196 habentes

364 3232 428 3298 sibi
451 3231 593 3309 obviam,
616 3231 785 3317 petierunt
809 3231 880 3296 dari
910 3231 1078 3297 licentiam
1105 3233 1248 3297 adeundi
1275 3231 1411 3297 Domini

366 3335 465 3423 Regis
488 3334 707 3421 praesentiam,
730 3334 772 3398 ad
795 3335 1027 3420 exponendum
1050 3334 1112 3399 sibi
1135 3355 1266 3400 causam
1289 3335 1412 3400 adven·

365 3444 420 3503 tus
443 3437 503 3515 sui,
526 3457 564 3501 ae
585 3435 736 3518 ulterius,
759 3437 803 3501 nd
826 3437 1087 3523 promovendum
1108 3438 1284 3502 materiam
1306 3459 1409 3504 suam.

410 3537 616 3606 certioratus
639 3537 712 3603 Rex
736 3539 775 3604 de
799 3560 911 3604 eorum
934 3539 1089 3618 adventu,
1117 3543 1152 3604 et
1175 3539 1216 3605 de
1241 3540 1411 3618 desiderio,
1423 3560 1464 3624 By
1474 3559 1517 3610 the

365 3639 539 3706 mandavit
561 3639 704 3704 Domino
726 3637 910 3727 ³Episoopo
933 3640 1157 3722 Dunelmensi‚
1185 3641 1323 3708 Custodi
1353 3663 1411 3730 pro
1423 3625 1552 3744 md

366 3749 447 3807 tunc
477 3740 529 3806 sui
561 3741 690 3806 Privati
712 3740 830 3828 Sigilli,
853 3741 995 3808 Domino
1016 3743 1057 3807 de
1081 3743 1171 3828 Gray
1194 3743 1235 3809 de
1261 3744 1409 3829 Ruthyn,
1423 3729 1561 3837 ceruinpf’

366 3848 400 3909 et
423 3863 483 3910 suo
505 3843 687 3920 secretario,
705 3842 777 3908 viro
801 3843 914 3923 solido,
934 3843 1051 3924 sobrio,
1074 3851 1108 3910 et
1131 3850 1270 3926 sensato,
1286 3850 1326 3911 ut
1346 3847 1410 3933 ipsi
1422 3825 1559 3943 ξθζᾞξζζ

367 3966 420 4010 cos
442 3943 485 4008 ad
507 3949 635 4031 partem
660 3943 837 4022 traherent,
859 3946 1076 4030 audirentque
1096 3947 1138 4011 ab
1159 3947 1247 4032 ipsis,
1271 3947 1353 4032 quid
1374 3948 1411 4011 in
1422 3959 1491 4008 them
1502 3956 1527 4006 in
1539 3957 1581 4007 the

366 4047 418 4112 sui
450 4067 547 4112 eausa
578 4045 742 4111 adventus
774 4045 880 4112 dicere
912 4047 1047 4114 vellent.
1093 4048 1287 4114 Gradientes
1308 4023 1540 4140 igitnrffjssr‘sshto

366 4154 434 4214 tres
453 4148 520 4212 viri
541 4147 599 4212 isti
621 4147 771 4213 valentes
793 4147 835 4212 ed
859 4148 1036 4230 ecelesiam,
1053 4156 1227 4216 traxemnt
1249 4172 1303 4216 eos
1325 4171 1412 4216 seor-
1424 4126 1526 4236 enqui'rc

367 4273 440 4316 sum
456 4247 499 4315 ad
521 4248 629 4314 locum
643 4249 821 4335 privatum,
837 4249 890 4327 ad,
905 4251 1068 4328 videlicet,
1083 4251 1285 4330 vestiarium,
1300 4251 1412 4338 ibique
1423 4222 1562 4338 ffifig'ilfft

367 4353 569 4441 quaesierrmt
591 4354 633 4419 ab
656 4353 732 4433 illis,
757 4373 831 4439 quae
853 4353 962 4420 fuerat
988 4375 1085 4419 causa
1109 4354 1161 4419 sui
1184 4354 1355 4433 adventus,
1379 4355 1536 4420 etmission.

368 4477 442 4542 quae
472 4456 536 4542 ipsi
566 4456 755 4521 habuerunt
782 4455 926 4522 Domino
958 4455 1041 4544 Regi
1070 4476 1129 4542 pro
1160 4477 1220 4521 sua
1248 4461 1341 4543 parte
1371 4458 1415 4523 ad

401 4699 408 4728 ¹
422 4697 477 4748 The
488 4698 542 4748 first
554 4696 653 4748 letteris
664 4695 782 4758 omitted3
800 4704 826 4748 to
837 4699 869 4748 be
951 4695 962 4729 ²
973 4695 1171 4748 Prottomcrliris
1182 4697 1208 4749 in
1219 4699 1275 4751 MS.

369 4775 707 4842 suppliedinillnminaticn.
950 4774 1101 4828 ³lerinense
1112 4777 1218 4828 Boothe.
