3582 5838
463 901 527 964 146
793 907 991 958 anmsramr
1013 907 1169 956 assirim

294 1093 362 1144 AJ).
377 1097 448 1144 ¹⁴⁵⁴·
461 1099 480 1127 “
502 1097 537 1159 et
566 1094 689 1180 absque
720 1091 913 1158 difficultate
944 1091 1054 1179 aliqua
1086 1091 1171 1157 feret
1203 1089 1262 1155 illa
1292 1089 1405 1154 omnia
1430 1105 1504 1173 quae

461 1200 479 1230 “
501 1201 580 1263 sunt
615 1193 767 1282 ponderis
800 1193 963 1282 gravioris
996 1193 1033 1258 in
1070 1191 1288 1258 observantiis
1325 1189 1504 1276 roligionis.

462 1302 480 1334 ‘⁶
504 1298 600 1379 Quod
622 1303 662 1363 ut
682 1296 791 1375 faciat,
813 1300 949 1383 praestet
970 1299 1005 1361 et
1027 1300 1153 1360 annuat
1177 1293 1269 1359 Deus
1295 1292 1352 1358 illo
1378 1291 1502 1357 miseri·

461 1408 479 1434 “
501 1421 580 1480 cors,
604 1399 670 1481 Qui
692 1399 787 1464 dooet
817 1419 875 1484 per
906 1419 942 1465 os
972 1395 1130 1484 sapientis
1157 1415 1431 1481 unumquemque,
1462 1393 1504 1458 ad

461 1503 616 1591 “jugum
637 1500 806 1588 religionis
834 1501 955 1566 iterum
978 1502 1207 1578 revertentem,
1230 1496 1386 1584 ¹injioere
1408 1495 1504 1583 pedes

461 1613 478 1638 “
500 1625 575 1671 suos
596 1605 633 1668 in
654 1601 872 1690 compedibus,
894 1623 954 1667 neo
976 1599 1131 1667 aooidiari
1157 1599 1194 1665 in
1214 1598 1291 1664 illis.
1337 1596 1473 1664 Amen.''

460 1859 625 1938 Nonam,
646 1881 685 1926 oo
716 1857 821 1926 etima
849 1855 1236 1944 commonstrarem
1261 1855 1406 1923 illoram
1434 1876 1503 1921 om·

548 1961 654 2028 oium
675 1959 737 2048 qai
759 1966 961 2026 recesserant
982 1957 1024 2025 ab
1045 1958 1180 2026 eeclesia
1204 1965 1349 2046 tompore
1363 1956 1506 2024 Abbatio

548 2062 720 2130 Jobormia
741 2061 896 2150 Septimi,
918 2061 1194 2148 diverteruntque
1216 2083 1249 2126 se
1269 2059 1316 2127 ad
1338 2059 1505 2128 latiorem

547 2167 616 2233 stoa
638 2165 829 2232 liberiorem
849 2165 992 2232 modion
1014 2163 1246 2231 conversandi.

396 2314 427 2363 of
504 2300 614 2383 ²Quia
635 2303 672 2366 in
695 2301 871 2387 praemissis
896 2301 938 2366 fit
964 2301 1088 2368 mentio
1109 2299 1261 2386 aliqualis
1284 2299 1326 2365 de
1347 2299 1504 2364 fiatribns

292 2379 413 2497 ffihffi
459 2404 561 2469 variis
576 2407 610 2469 et
625 2400 842 2480 ³multifariis,
859 2403 917 2490 qui
939 2403 1178 2469 subtraxerunt
1200 2425 1234 2468 so
1257 2402 1300 2467 ab
1315 2401 1504 2467 obedientia

291 2511 438 2564 vindam
461 2505 602 2572 Abbatis
623 2505 786 2571 Johannis
809 2505 959 2593 Septimi,
981 2505 1131 2582 abbatis,
1154 2503 1317 2584 videlieet,
1340 2503 1504 2569 Johannis

291 2578 430 2709 riwin
462 2608 573 2686 Stoke,
588 2612 867 2695 procuraruntque
889 2607 954 2673 sibi
975 2607 1205 2694 plaoentiorom
1222 2607 1356 2672 modum
1370 2626 1503 2671 eonver-

291 2709 446 2764 thetimeof
461 2711 565 2788 sandi,
587 2710 661 2776 ideo
683 2732 704 2774 a
725 2710 880 2797 praesenti
901 2710 1034 2796 negotio
1050 2731 1116 2776 non
1139 2729 1259 2796 magna
1281 2709 1415 2774 videtur
1435 2728 1504 2774 esse

289 2776 384 2894 fflt,
461 2813 625 2900 digressio,
647 2813 725 2878 lieet
746 2813 800 2878 hie
825 2835 885 2900 pro
915 2834 1003 2878 nuno
1032 2833 1144 2878 eorum
1173 2811 1287 2877 omnia
1315 2812 1505 2877 inserantur

237 2919 241 2929 '
291 2909 379 2962 ³²⁰¹&
460 2915 603 2994 nomina,
619 2937 658 2980 ao
672 2916 772 2980 etiam
787 2916 999 3002 cognomina3
1021 2913 1246 3000 referaturque
1261 2913 1323 2978 sub
1339 2913 1504 2990 brevibus,

458 3019 579 3103 quibus
602 3019 686 3095 viiia,
709 3018 823 3096 modis,
846 3039 904 3085 sen
926 3016 1050 3094 mediis,
1073 3017 1297 3104 impetrarunt
1319 3015 1384 3080 sibi
1406 3015 1503 3082 liber-

460 3125 565 3187 tatem
587 3119 821 3207 emigrationis.

503 3221 649 3286 Nomina
670 3228 705 3288 et
727 3223 922 3308 cognomina
943 3227 1023 3288 sunt
1044 3224 1162 3288 isto.—

502 3320 689 3410 ²Inprimis‚
705 3324 742 3388 in
765 3325 974 3402 Monosterio
990 3324 1108 3390 Frater
1131 3322 1327 3390 Edmundus
1351 3321 1505 3407 Shonley,

461 3425 570 3510 vigore
592 3424 699 3490 Bullae
721 3424 852 3512 Papalis
875 3426 915 3491 de
939 3426 1161 3513 emigratione.

502 3527 599 3603 Item,
638 3527 753 3593 Frater
790 3527 952 3593 Ricardus
990 3527 1144 3616 langley,
1182 3527 1281 3594 simili
1319 3527 1432 3614 vigore
1469 3531 1505 3592 et

457 3628 590 3694 virtute.

501 3729 620 3808 *Item
652 3732 742 3819 apud
773 3731 942 3810 Hertford,
966 3733 1083 3799 Frater
1114 3732 1275 3800 Ricardus
1308 3731 1503 3818 Aylysham,

457 3835 570 3921 vigore
591 3834 698 3899 Bullae
721 3834 852 3922 Papolis
873 3834 914 3900 do
935 3834 1148 3922 promotione.

500 3936 596 4015 Item,
626 3936 715 4023 apud
746 3937 961 4024 Walingford,
992 3937 1109 4003 Frater
1140 3936 1304 4003 Henrious
1335 3937 1503 4014 Haletem,

457 4038 551 4103 Prior
572 4037 704 4117 ibidem,
720 4039 832 4126 vigore
855 4038 962 4106 Bulla
984 4038 1117 4126 Papalis
1139 4039 1181 4105 de
1203 4039 1416 4127 promotione

501 4141 597 4218 Item,
620 4140 737 4206 Frater
760 4141 924 4207 Robertus
946 4141 1129 4229 Morpathe,
1154 4141 1349 4208 Oellerarius
1371 4141 1502 4218 ibidem,

322 4262 329 4274 ·
456 4243 570 4310 eodem
592 4243 706 4330 vigore
729 4248 763 4309 et
785 4243 922 4310 virtute.

501 4347 596 4425 Item,
633 4346 751 4412 Frater
788 4347 973 4414 Willolmns
1009 4347 1183 4424 Wisbiohe,
1224 4347 1352 4414 virtute
1395 4345 1502 4412 Bnllae

456 4448 586 4536 Papalis
608 4448 650 4515 do
671 4449 894 4537 emigratione.

489 4673 703 4726 armans.
1035 4673 1321 4740 mammonas

488 4751 566 4803 ²The
576 4751 711 4805 firstlerter
722 4751 854 4808 laomitted
865 4773 872 4815 ς
884 4759 911 4806 lo
921 4754 953 4805 be
1034 4753 1045 4786 ⁴
1056 4752 1135 4819 Noto,
1158 4771 1207 4820 pro
1236 4751 1363 4805 cella·
1373 4753 1505 4820 Marginal

455 4831 568 4897 supplied
577 4831 605 4882 ia
615 4831 787 4886 illuminatior.
1002 4833 1204 4900 NotabyLord
1214 4832 1327 4886 william
1338 4831 1458 4884 Howard.
