3640 5842
508 921 680 973 sonamus
702 921 986 974 nummusrrnr
1008 921 1184 974 sucorum
1297 911 1359 974 341

323 1115 341 1144 “
361 1109 415 1175 vel
452 1107 568 1197 clypeo
603 1109 718 1187 vitreo,
750 1108 804 1174 vel
840 1108 957 1176 baculo
990 1109 1180 1186 arundineo,
1222 1128 1361 1194 quorum
1374 1117 1443 1172 al).
1456 1120 1529 1172 14⁵9.

320 1217 338 1248 “
360 1211 471 1277 nullus
495 1211 616 1277 sufficit
641 1211 684 1276 ad
710 1213 976 1299 praeservandum
991 1233 1115 1298 corpus,
1130 1217 1191 1276 aut
1205 1233 1225 1276 a
1239 1209 1363 1297 sngItta

320 1320 339 1348 ‘¹
360 1314 493 1380 volante
507 1315 544 1380 in
559 1315 620 1393 die,
635 1319 695 1379 aut
717 1337 738 1380 a
752 1336 947 1400 quocunque
963 1313 1075 1380 hostili
1089 1314 1222 1380 incursu
1236 1312 1361 1394 alter05

319 1423 335 1450 “
359 1423 393 1482 et
422 1421 602 1504 propterea,
633 1438 692 1482 nec
722 1417 850 1494 scimus,
876 1439 935 1482 neo
964 1416 1131 1496 audemus,
1162 1435 1221 1502 pro
1251 1414 1362 1500 aliqua

320 1525 338 1553 “
359 1518 510 1584 habenda
531 1520 647 1606 gratia,
670 1521 712 1584 ad
742 1520 841 1607 Regis
870 1520 1079 1606 praesentiam
1109 1519 1267 1596 accedere,
1290 1519 1360 1583 sive

319 1625 337 1656 “
359 1642 418 1706 pro
433 1621 639 1706 impetranda
650 1623 748 1688 venia
758 1624 793 1686 in
810 1623 956 1708 personis
971 1621 1221 1709 praesentialiter
1229 1620 1359 1699 adeaae3

321 1728 339 1758 “
361 1722 566 1811 excogitatur
591 1723 695 1808 igitur
720 1725 832 1810 aliqua
857 1725 923 1789 alia
948 1724 1052 1808 magis
1086 1722 1247 1788 sufficiens
1269 1743 1359 1786 secu·

319 1833 336 1860 “
358 1825 447 1905 ritas,
469 1832 504 1892 et
534 1825 726 1904 infallibilis,
750 1832 785 1892 et
817 1827 926 1893 animo
956 1825 1173 1892 libentissimo
1208 1824 1360 1890 volumus

318 1933 335 1962 “
357 1928 393 1992 in
422 1928 567 2015 personis
597 1930 756 2004 accedere,
780 1937 1045 2017 prosternereque
1074 1951 1134 1994 nos
1164 1949 1222 2014 pro
1252 1927 1360 2014 gratia

318 2038 337 2064 ‘¹
358 2031 566 2118 impetranda
588 2037 666 2098 onte
688 2033 786 2119 pedes
816 2033 893 2118 ejus.
939 2031 1095 2118 Alioquin
1122 2035 1234 2118 parcat
1263 2029 1359 2094 nobis

320 2138 337 2166 “
359 2155 419 2199 sua
439 2137 556 2222 gratia,
571 2136 658 2222 quia,
680 2136 770 2201 inter
786 2135 908 2222 jocalia
921 2135 996 2212 alia,
1012 2135 1159 2200 tenerius
1181 2155 1249 2220 prae
1264 2137 1358 2198 caete-

319 2245 335 2270 “
358 2237 404 2302 ris
426 2243 475 2302 est
497 2239 576 2304 vitae
599 2237 777 2326 margarita
800 2236 1049 2305 conservanda?

361 2338 443 2417 Rex,
466 2340 579 2406 audito
601 2340 661 2405 hoc
683 2361 844 2427 responsu,
867 2347 902 2405 et
925 2362 991 2406 non
1013 2340 1153 2406 multum
1176 2338 1261 2404 bene
1284 2357 1357 2402 oon-
1371 2349 1514 2416 nemag,

319 2445 432 2507 tentus
464 2441 504 2507 de
537 2463 583 2521 eo,
603 2442 703 2528 jussit
725 2443 767 2507 ad
793 2443 905 2507 statim
930 2444 1048 2508 iterum
1073 2441 1232 2508 vexillum
1262 2461 1357 2505 suum
1370 2417 1521 2535 ffiffffg

318 2545 408 2630 erigi,
424 2545 638 2630 progredique
659 2545 797 2610 ulterius
819 2545 855 2609 in
874 2545 999 2623 itinere,
1016 2546 1052 2609 in
1066 2544 1196 2609 illorum
1212 2542 1358 2628 captiva-
1370 2557 1437 2629 meet
1447 2551 1489 2600 rho

318 2645 451 2726 tionem,
466 2652 500 2711 et
522 2668 582 2732 pro
606 2645 738 2710 illorum
764 2646 844 2712 aciei
867 2647 1116 2733 expugnatione.
1163 2645 1359 2729 Priusquam
1370 2621 1521 2684 mmm·

319 2754 429 2814 tamen
453 2749 496 2814 ad
518 2749 611 2812 illum
634 2750 763 2814 veniret
785 2769 945 2834 campum,
967 2748 1025 2814 ubi
1051 2748 1115 2834 ipsi
1137 2745 1360 2813 castrametati

317 2851 626 2936 immutatumque
641 2850 790 2918 bellicam
804 2857 980 2937 posuerant
994 2848 1243 2924 ordinationem,
1259 2847 1359 2932 scrip-

317 2958 431 3018 serunt
463 2952 599 3018 Domini
631 2952 711 3018 dicti
745 2953 887 3019 Domino
909 2953 993 3038 Regi
1015 2951 1186 3039 epistolam
1216 2949 1359 3028 brevem,

317 3055 539 3121 continentem
562 3057 596 3120 in
621 3056 785 3121 sententia
806 3054 893 3120 hunc
915 3059 1116 3120 tenorem.-

362 3163 380 3192 “
403 3157 555 3244 Princeps
584 3154 1150 3236 invictissime—Quemadmodum
1179 3174 1238 3239 per
1267 3155 1495 3217 exce-Anca

318 3266 335 3293 “
358 3260 444 3325 liora
476 3261 573 3337 vocis,
605 3260 844 3345 verborumque
877 3258 1008 3336 indicia,
1033 3257 1219 3322 declaratur
1251 3253 1358 3342 passio
1370 3228 1518 3372 {ffiffigm

318 3367 337 3396 “
359 3361 471 3440 animi,
486 3383 560 3448 quac
575 3361 658 3428 latet
680 3363 722 3427 ad
743 3362 839 3440 infra,
854 3361 904 3428 ita
925 3361 1026 3427 etiam
1048 3381 1106 3447 per
1121 3357 1358 3424 exhibitionem
1369 3362 1503 3411 mensur-

317 3471 334 3500 “
357 3464 688 3552 regiminisadssextra
702 3465 845 3552 inopere
860 3464 1067 3529 concluditur
1083 3463 1252 3532 evidenter
1266 3458 1357 3540 satis,
1369 3428 1527 3546 fflffi'ff’

318 3573 334 3603 “
358 3567 463 3653 qualis
485 3567 530 3631 sit
551 3567 602 3630 vis
624 3567 827 3644 intentionis,
851 3586 925 3652 quae
947 3564 1031 3630 latet
1052 3566 1144 3630 intus
1165 3565 1202 3628 in
1226 3568 1397 3642 mantwt
1405 3561 1518 3611 1¹¹¹d10'·

316 3677 334 3704 “
356 3690 414 3755 per
435 3673 585 3733 nostrum
608 3669 723 3753 utique
745 3670 891 3755 regimen
912 3667 950 3732 in
972 3689 1067 3753 opere
1089 3666 1248 3754 poteritis,
1264 3665 1358 3729 Prin-

317 3778 336 3806 “
359 3794 432 3857 ceps
463 3770 611 3851 illustris,
634 3770 719 3835 clarc
750 3771 830 3836 satia
863 3770 1040 3856 concipere,
1063 3790 1123 3834 nos
1144 3768 1247 3833 ¹nihil
1280 3767 1358 3832 mali

316 3882 333 3908 “
355 3873 486 3960 penitus
508 3871 680 3937 intendere
695 3875 809 3938 contra
830 3893 1003 3958 personam
1018 3877 1163 3938 vestram
1178 3871 1357 3946 inunctam,

317 3985 336 4010 “
358 3975 427 4040 sive
441 3975 533 4041 velle.
575 3974 733 4060 Fugimus
756 3973 923 4060 hucusque
938 3975 1092 4040 continue
1107 3995 1128 4038 a
1142 3973 1225 4038 facie
1239 3977 1357 4050 vestra,

318 4087 335 4114 “
357 4100 416 4143 nec
445 4077 633 4164 fugavimus
662 4076 789 4161 aliquos
818 4097 860 4140 cx
889 4077 1007 4142 restria
1019 4102 1028 4156 ;
1057 4075 1201 4162 fugimus
1231 4075 1356 4159 utique,

316 4188 335 4218 “
357 4185 392 4245 et
414 4180 638 4245 subtraximus
660 4199 720 4244 nos
742 4179 783 4244 de
805 4178 875 4244 loco
897 4179 933 4242 in
955 4179 1071 4254 locum,
1094 4176 1135 4242 de
1157 4174 1299 4264 'oppido
1322 4175 1358 4238 in

318 4289 336 4317 “
359 4282 524 4368 oppidum,
547 4281 588 4346 da
610 4281 727 4345 villata
748 4281 784 4345 in
806 4281 966 4358 villatam,
989 4281 1029 4345 de
1060 4279 1292 4363 Comitatuque
1321 4277 1357 4340 iu

317 4393 334 4420 “
357 4386 568 4462 Comitatum,
605 4385 641 4448 in
678 4383 854 4450 evidentiae
891 4383 1031 4468 signum,
1065 4385 1358 4467 argumentumque

318 4495 335 4522 “
358 4486 604 4552 evidentissime
626 4485 857 4561 conclusivum,
880 4484 968 4570 quod
990 4504 1050 4547 nec
1075 4482 1278 4548 intendimus
1300 4486 1371 4546 aut‘

317 4597 333 4624 “
356 4610 492 4653 manum
521 4589 653 4652 mittere
673 4588 710 4652 in
732 4586 889 4652 christum
914 4584 1056 4659 Domini,
1079 4589 1263 4648 sutanum
1294 4582 1358 4647 dis-

351 4825 446 4876 mictu
455 4825 481 4875 in
492 4825 549 4876 MS.
844 4833 849 4889 Ι
895 4821 987 4886 ’opido
1005 4858 1011 4871 .
1029 4858 1035 4872 .
1053 4819 1150 4887 opidum
1160 4819 1187 4870 in
1197 4819 1254 4870 MS.
