<?xml version="1.0" encoding="UTF-8"?>
<!DOCTYPE html PUBLIC "-//W3C//DTD XHTML 1.0 Transitional//EN"
    "http://www.w3.org/TR/xhtml1/DTD/xhtml1-transitional.dtd">
<html xmlns="http://www.w3.org/1999/xhtml" xml:lang="en" lang="en">
 <head>
  <title>
</title>
<meta http-equiv="Content-Type" content="text/html;charset=utf-8" />
  <meta name='ocr-system' content='tesseract 3.04.00' />
  <meta name='ocr-capabilities' content='ocr_page ocr_carea ocr_par ocr_line ocrx_word'/>
</head>
<body>
  <div class='ocr_page' id='page_1' title='image "./registraquorund00wallgoog_0160.png"; bbox 0 0 3588 5838; ppageno 0'>
   <div class='ocr_carea' id='block_1_1' title="bbox 0 533 4 2323">
    <p class='ocr_par' dir='ltr' id='par_1_1' title="bbox 0 533 4 2323">
     <span class='ocr_line' id='line_1_1' title="bbox 0 533 4 2323; baseline 0 0"><span class='ocrx_word' id='word_1_1' title='bbox 0 533 4 2323; x_wconf 95' lang='lat' dir='ltr'><strong> </strong></span> 
     </span>
    </p>
   </div>
   <div class='ocr_carea' id='block_1_2' title="bbox 431 863 1142 926">
    <p class='ocr_par' dir='ltr' id='par_1_2' title="bbox 431 863 1142 926">
     <span class='ocr_line' id='line_1_2' title="bbox 431 863 1142 926; baseline -0.001 0"><span class='ocrx_word' id='word_1_2' title='bbox 431 863 494 926; x_wconf 75' lang='lat'><strong>102</strong></span> <span class='ocrx_word' id='word_1_3' title='bbox 762 874 961 926; x_wconf 70' lang='lat' dir='ltr'><strong>ultumum</strong></span> <span class='ocrx_word' id='word_1_4' title='bbox 983 873 1142 926; x_wconf 73' lang='lat' dir='ltr'><strong>ABBA&#39;I&#39;OE</strong></span> 
     </span>
    </p>
   </div>
   <div class='ocr_carea' id='block_1_3' title="bbox 427 1179 1478 1478">
    <p class='ocr_par' dir='ltr' id='par_1_3' title="bbox 427 1179 1478 1478">
     <span class='ocr_line' id='line_1_3' title="bbox 427 1179 1478 1271; baseline -0.006 -17"><span class='ocrx_word' id='word_1_5' title='bbox 427 1185 606 1254; x_wconf 72' lang='lat' dir='ltr'><strong>Prodemus</strong></span> <span class='ocrx_word' id='word_1_6' title='bbox 627 1182 807 1271; x_wconf 59' lang='lat' dir='ltr'><strong>ouo&#39;uoduou</strong></span> <span class='ocrx_word' id='word_1_7' title='bbox 829 1180 1038 1250; x_wconf 58' lang='lat' dir='ltr'><strong>vedommu</strong></span> <span class='ocrx_word' id='word_1_8' title='bbox 1057 1181 1151 1253; x_wconf 70' lang='lat' dir='ltr'><strong>imm</strong></span> <span class='ocrx_word' id='word_1_9' title='bbox 1172 1180 1335 1250; x_wconf 67' lang='lat' dir='ltr'><strong>Attum</strong></span> <span class='ocrx_word' id='word_1_10' title='bbox 1346 1179 1478 1250; x_wconf 80' lang='lat' dir='ltr'><strong>dietum</strong></span> 
     </span>
     <span class='ocr_line' id='line_1_4' title="bbox 517 1285 1478 1375; baseline -0.003 -19"><span class='ocrx_word' id='word_1_11' title='bbox 517 1295 548 1356; x_wconf 85' lang='lat' dir='ltr'><strong>et</strong></span> <span class='ocrx_word' id='word_1_12' title='bbox 580 1307 683 1355; x_wconf 74' lang='lat' dir='ltr'><strong>eumn</strong></span> <span class='ocrx_word' id='word_1_13' title='bbox 706 1285 923 1375; x_wconf 64' lang='lat' dir='ltr'><strong>Offioioom</strong></span> <span class='ocrx_word' id='word_1_14' title='bbox 947 1285 1152 1368; x_wconf 63' lang='lat' dir='ltr'><strong>eneruem,</strong></span> <span class='ocrx_word' id='word_1_15' title='bbox 1173 1292 1312 1374; x_wconf 78' lang='lat' dir='ltr'><strong>proptor</strong></span> <span class='ocrx_word' id='word_1_16' title='bbox 1335 1305 1478 1354; x_wconf 70' lang='lat' dir='ltr'><strong>coruom</strong></span> 
     </span>
     <span class='ocr_line' id='line_1_5' title="bbox 518 1389 1029 1478; baseline -0.004 -20"><span class='ocrx_word' id='word_1_17' title='bbox 518 1389 574 1459; x_wconf 79' lang='lat' dir='ltr'><strong>tio</strong></span> <span class='ocrx_word' id='word_1_18' title='bbox 593 1389 748 1478; x_wconf 72' lang='lat' dir='ltr'><strong>triferius</strong></span> <span class='ocrx_word' id='word_1_19' title='bbox 770 1389 1029 1478; x_wconf 74' lang='lat' dir='ltr'><strong>eubseqrwotem.</strong></span> 
     </span>
    </p>
   </div>
   <div class='ocr_carea' id='block_1_4' title="bbox 242 1560 1478 1964">
    <p class='ocr_par' dir='ltr' id='par_1_4' title="bbox 242 1560 1478 1964">
     <span class='ocr_line' id='line_1_6' title="bbox 262 1560 1478 1650; baseline -0.004 -17"><span class='ocrx_word' id='word_1_20' title='bbox 262 1580 330 1633; x_wconf 67' lang='lat' dir='ltr'><strong>tn.</strong></span> <span class='ocrx_word' id='word_1_21' title='bbox 345 1585 416 1633; x_wconf 76' lang='lat'>145³.</span> <span class='ocrx_word' id='word_1_22' title='bbox 473 1566 658 1634; x_wconf 85' lang='lat' dir='ltr'><strong>¹Veniente</strong></span> <span class='ocrx_word' id='word_1_23' title='bbox 672 1565 709 1631; x_wconf 94' lang='lat' dir='ltr'><strong>in</strong></span> <span class='ocrx_word' id='word_1_24' title='bbox 723 1585 811 1632; x_wconf 84' lang='lat' dir='ltr'><strong>unuo</strong></span> <span class='ocrx_word' id='word_1_25' title='bbox 826 1564 913 1631; x_wconf 86' lang='lat' dir='ltr'><strong>dioto</strong></span> <span class='ocrx_word' id='word_1_26' title='bbox 924 1564 1023 1630; x_wconf 83' lang='lat' dir='ltr'><strong>Festo</strong></span> <span class='ocrx_word' id='word_1_27' title='bbox 1037 1562 1104 1642; x_wconf 90' lang='lat' dir='ltr'><strong>illo,</strong></span> <span class='ocrx_word' id='word_1_28' title='bbox 1114 1562 1151 1628; x_wconf 92' lang='lat' dir='ltr'><strong>in</strong></span> <span class='ocrx_word' id='word_1_29' title='bbox 1166 1584 1231 1650; x_wconf 88' lang='lat' dir='ltr'><strong>quo</strong></span> <span class='ocrx_word' id='word_1_30' title='bbox 1246 1561 1357 1628; x_wconf 88' lang='lat' dir='ltr'><strong>sedere</strong></span> <span class='ocrx_word' id='word_1_31' title='bbox 1371 1560 1478 1628; x_wconf 78' lang='lat' dir='ltr'><strong>solent</strong></span> 
     </span>
     <span class='ocr_line' id='line_1_7' title="bbox 242 1663 1477 1752; baseline -0.007 -14"><span class='ocrx_word' id='word_1_32' title='bbox 242 1663 246 1674; x_wconf 52' lang='lat'><strong>¹</strong></span> <span class='ocrx_word' id='word_1_33' title='bbox 261 1671 419 1724; x_wconf 69' lang='lat' dir='ltr'><strong>Thoonem</strong></span> <span class='ocrx_word' id='word_1_34' title='bbox 430 1669 578 1738; x_wconf 78' lang='lat' dir='ltr'><strong>officiarii</strong></span> <span class='ocrx_word' id='word_1_35' title='bbox 588 1689 710 1746; x_wconf 86' lang='lat' dir='ltr'><strong>omnes,</strong></span> <span class='ocrx_word' id='word_1_36' title='bbox 720 1671 754 1734; x_wconf 86' lang='lat' dir='ltr'><strong>et</strong></span> <span class='ocrx_word' id='word_1_37' title='bbox 768 1665 909 1734; x_wconf 83' lang='lat' dir='ltr'><strong>seribere</strong></span> <span class='ocrx_word' id='word_1_38' title='bbox 920 1669 1097 1752; x_wconf 83' lang='lat' dir='ltr'><strong>compotes,</strong></span> <span class='ocrx_word' id='word_1_39' title='bbox 1108 1665 1243 1732; x_wconf 80' lang='lat' dir='ltr'><strong>uroessit</strong></span> <span class='ocrx_word' id='word_1_40' title='bbox 1257 1663 1477 1732; x_wconf 72' lang='lat' dir='ltr'><strong>udstbbutem</strong></span> 
     </span>
     <span class='ocr_line' id='line_1_8' title="bbox 262 1739 1477 1858; baseline -0.007 -17"><span class='ocrx_word' id='word_1_41' title='bbox 262 1739 411 1857; x_wconf 40' lang='lat' dir='ltr'><strong>{52¹3le</strong></span> <span class='ocrx_word' id='word_1_42' title='bbox 429 1773 531 1840; x_wconf 84' lang='lat' dir='ltr'><strong>freter</strong></span> <span class='ocrx_word' id='word_1_43' title='bbox 550 1769 617 1853; x_wconf 86' lang='lat' dir='ltr'><strong>iile,</strong></span> <span class='ocrx_word' id='word_1_44' title='bbox 633 1772 699 1858; x_wconf 85' lang='lat' dir='ltr'><strong>qui,</strong></span> <span class='ocrx_word' id='word_1_45' title='bbox 722 1769 808 1837; x_wconf 89' lang='lat' dir='ltr'><strong>siout</strong></span> <span class='ocrx_word' id='word_1_46' title='bbox 830 1791 904 1836; x_wconf 82' lang='lat' dir='ltr'><strong>cum</strong></span> <span class='ocrx_word' id='word_1_47' title='bbox 927 1773 1020 1855; x_wconf 85' lang='lat' dir='ltr'><strong>putre</strong></span> <span class='ocrx_word' id='word_1_48' title='bbox 1042 1771 1185 1850; x_wconf 89' lang='lat' dir='ltr'><strong>mortuo,</strong></span> <span class='ocrx_word' id='word_1_49' title='bbox 1207 1767 1258 1832; x_wconf 80' lang='lat' dir='ltr'><strong>itu</strong></span> <span class='ocrx_word' id='word_1_50' title='bbox 1278 1767 1380 1834; x_wconf 84' lang='lat' dir='ltr'><strong>etium</strong></span> <span class='ocrx_word' id='word_1_51' title='bbox 1402 1788 1477 1832; x_wconf 84' lang='lat' dir='ltr'><strong>eum</strong></span> 
     </span>
     <span class='ocr_line' id='line_1_9' title="bbox 261 1869 1477 1964; baseline -0.002 -26"><span class='ocrx_word' id='word_1_52' title='bbox 261 1888 318 1923; x_wconf 58' lang='lat'><strong>¹²⁰*</strong></span> <span class='ocrx_word' id='word_1_53' title='bbox 329 1872 402 1938; x_wconf 73' lang='lat' dir='ltr'><strong>gives</strong></span> <span class='ocrx_word' id='word_1_54' title='bbox 429 1877 501 1964; x_wconf 92' lang='lat' dir='ltr'><strong>ipso</strong></span> <span class='ocrx_word' id='word_1_55' title='bbox 514 1874 683 1942; x_wconf 76' lang='lat' dir='ltr'><strong>Generalis</strong></span> <span class='ocrx_word' id='word_1_56' title='bbox 705 1871 808 1960; x_wconf 88' lang='lat' dir='ltr'><strong>ipsius</strong></span> <span class='ocrx_word' id='word_1_57' title='bbox 823 1870 1008 1940; x_wconf 80' lang='lat' dir='ltr'><strong>Offieiorius</strong></span> <span class='ocrx_word' id='word_1_58' title='bbox 1021 1869 1135 1949; x_wconf 82' lang='lat' dir='ltr'><strong>fueret,</strong></span> <span class='ocrx_word' id='word_1_59' title='bbox 1149 1869 1353 1955; x_wconf 81' lang='lat' dir='ltr'><strong>offerensque</strong></span> <span class='ocrx_word' id='word_1_60' title='bbox 1367 1889 1477 1936; x_wconf 82' lang='lat' dir='ltr'><strong>seeum</strong></span> 
     </span>
    </p>
   </div>
   <div class='ocr_carea' id='block_1_5' title="bbox 260 1937 1477 2063">
    <p class='ocr_par' dir='ltr' id='par_1_5' title="bbox 260 1937 1477 2063">
     <span class='ocr_line' id='line_1_10' title="bbox 260 1937 1477 2063; baseline -0.011 -15"><span class='ocrx_word' id='word_1_61' title='bbox 260 1937 506 2058; x_wconf 43' lang='lat' dir='ltr'><strong>fflffsuos</strong></span> <span class='ocrx_word' id='word_1_62' title='bbox 538 1980 715 2063; x_wconf 83' lang='lat' dir='ltr'><strong>compotos,</strong></span> <span class='ocrx_word' id='word_1_63' title='bbox 742 1974 858 2040; x_wconf 79' lang='lat' dir='ltr'><strong>taliter</strong></span> <span class='ocrx_word' id='word_1_64' title='bbox 889 1972 920 2039; x_wconf 91' lang='lat' dir='ltr'><strong>ei</strong></span> <span class='ocrx_word' id='word_1_65' title='bbox 952 1971 1015 2038; x_wconf 86' lang='lat' dir='ltr'><strong>sub</strong></span> <span class='ocrx_word' id='word_1_66' title='bbox 1049 1971 1216 2037; x_wconf 86' lang='lat' dir='ltr'><strong>sententie</strong></span> <span class='ocrx_word' id='word_1_67' title='bbox 1244 1970 1410 2037; x_wconf 78' lang='lat' dir='ltr'><strong>inferebat</strong></span> <span class='ocrx_word' id='word_1_68' title='bbox 1419 1995 1477 2036; x_wconf 80' lang='lat'><strong>:—</strong></span> 
     </span>
    </p>
   </div>
   <div class='ocr_carea' id='block_1_6' title="bbox 258 2071 1478 4112">
    <p class='ocr_par' dir='ltr' id='par_1_6' title="bbox 258 2071 1478 4112">
     <span class='ocr_line' id='line_1_11' title="bbox 431 2071 1475 2164; baseline -0.008 -18"><span class='ocrx_word' id='word_1_69' title='bbox 431 2087 448 2115; x_wconf 89' lang='lat'>“</span> <span class='ocrx_word' id='word_1_70' title='bbox 470 2079 620 2158; x_wconf 81' lang='lat' dir='ltr'>Domine,</span> <span class='ocrx_word' id='word_1_71' title='bbox 647 2077 793 2164; x_wconf 86' lang='lat' dir='ltr'><strong>quinque</strong></span> <span class='ocrx_word' id='word_1_72' title='bbox 821 2075 949 2142; x_wconf 78' lang='lat' dir='ltr'><strong>talentu</strong></span> <span class='ocrx_word' id='word_1_73' title='bbox 978 2072 1147 2140; x_wconf 73' lang='lat' dir='ltr'><strong>tradidisti</strong></span> <span class='ocrx_word' id='word_1_74' title='bbox 1168 2071 1282 2153; x_wconf 77' lang='lat' dir='ltr'><strong>²mihi,</strong></span> <span class='ocrx_word' id='word_1_75' title='bbox 1303 2073 1475 2152; x_wconf 74' lang='lat' dir='ltr'><strong>talentum,</strong></span> 
     </span>
     <span class='ocr_line' id='line_1_12' title="bbox 429 2175 1477 2259; baseline -0.008 -11"><span class='ocrx_word' id='word_1_76' title='bbox 429 2189 447 2221; x_wconf 92' lang='lat'><strong><em>“</em></strong></span> <span class='ocrx_word' id='word_1_77' title='bbox 468 2180 629 2259; x_wconf 83' lang='lat' dir='ltr'><strong>videlieet,</strong></span> <span class='ocrx_word' id='word_1_78' title='bbox 653 2179 750 2246; x_wconf 86' lang='lat' dir='ltr'><strong>offieii</strong></span> <span class='ocrx_word' id='word_1_79' title='bbox 773 2175 948 2256; x_wconf 80' lang='lat' dir='ltr'><strong>Oelierarii,</strong></span> <span class='ocrx_word' id='word_1_80' title='bbox 970 2176 1135 2242; x_wconf 77' lang='lat' dir='ltr'><strong>talentum</strong></span> <span class='ocrx_word' id='word_1_81' title='bbox 1166 2175 1264 2242; x_wconf 80' lang='lat' dir='ltr'><strong>officii</strong></span> <span class='ocrx_word' id='word_1_82' title='bbox 1286 2175 1477 2242; x_wconf 80' lang='lat' dir='ltr'><strong>Sub-Celle-</strong></span> 
     </span>
     <span class='ocr_line' id='line_1_13' title="bbox 429 2276 1476 2364; baseline -0.006 -14"><span class='ocrx_word' id='word_1_83' title='bbox 429 2291 449 2322; x_wconf 88' lang='lat'><strong><em>“</em></strong></span> <span class='ocrx_word' id='word_1_84' title='bbox 470 2283 558 2364; x_wconf 77' lang='lat' dir='ltr'><strong>rarii,</strong></span> <span class='ocrx_word' id='word_1_85' title='bbox 579 2283 744 2349; x_wconf 67' lang='lat' dir='ltr'><strong>talentum</strong></span> <span class='ocrx_word' id='word_1_86' title='bbox 765 2280 863 2347; x_wconf 84' lang='lat' dir='ltr'><strong>officii</strong></span> <span class='ocrx_word' id='word_1_87' title='bbox 885 2278 1040 2358; x_wconf 81' lang='lat' dir='ltr'><strong>Bursorii,</strong></span> <span class='ocrx_word' id='word_1_88' title='bbox 1056 2278 1220 2345; x_wconf 71' lang='lat' dir='ltr'><strong>talentum</strong></span> <span class='ocrx_word' id='word_1_89' title='bbox 1242 2276 1341 2346; x_wconf 79' lang='lat' dir='ltr'><strong>officii</strong></span> <span class='ocrx_word' id='word_1_90' title='bbox 1362 2279 1476 2346; x_wconf 83' lang='lat' dir='ltr'><strong>Fores-</strong></span> 
     </span>
     <span class='ocr_line' id='line_1_14' title="bbox 428 2379 1477 2470; baseline -0.005 -17"><span class='ocrx_word' id='word_1_91' title='bbox 428 2393 447 2424; x_wconf 89' lang='lat'><strong>“</strong></span> <span class='ocrx_word' id='word_1_92' title='bbox 468 2386 555 2464; x_wconf 83' lang='lat' dir='ltr'><strong>terii,</strong></span> <span class='ocrx_word' id='word_1_93' title='bbox 577 2385 805 2470; x_wconf 75' lang='lat' dir='ltr'><strong>talentumque</strong></span> <span class='ocrx_word' id='word_1_94' title='bbox 827 2381 926 2448; x_wconf 83' lang='lat' dir='ltr'><strong>officii</strong></span> <span class='ocrx_word' id='word_1_95' title='bbox 948 2382 989 2447; x_wconf 93' lang='lat' dir='ltr'><strong>de</strong></span> <span class='ocrx_word' id='word_1_96' title='bbox 1012 2379 1157 2450; x_wconf 79' lang='lat' dir='ltr'><strong>Comere.</strong></span> <span class='ocrx_word' id='word_1_97' title='bbox 1201 2380 1306 2447; x_wconf 81' lang='lat' dir='ltr'><strong>Eooet</strong></span> <span class='ocrx_word' id='word_1_98' title='bbox 1329 2380 1384 2446; x_wconf 88' lang='lat' dir='ltr'><strong>hio</strong></span> <span class='ocrx_word' id='word_1_99' title='bbox 1398 2385 1477 2448; x_wconf 90' lang='lat' dir='ltr'><strong>sunt</strong></span> 
     </span>
     <span class='ocr_line' id='line_1_15' title="bbox 428 2483 1477 2576; baseline -0.005 -21"><span class='ocrx_word' id='word_1_100' title='bbox 428 2497 447 2526; x_wconf 88' lang='lat'><strong>“</strong></span> <span class='ocrx_word' id='word_1_101' title='bbox 468 2493 694 2576; x_wconf 85' lang='lat' dir='ltr'><strong>oompotorum</strong></span> <span class='ocrx_word' id='word_1_102' title='bbox 715 2485 826 2568; x_wconf 88' lang='lat' dir='ltr'><strong>rotuli,</strong></span> <span class='ocrx_word' id='word_1_103' title='bbox 841 2485 877 2550; x_wconf 93' lang='lat' dir='ltr'><strong>in</strong></span> <span class='ocrx_word' id='word_1_104' title='bbox 893 2484 1013 2572; x_wconf 90' lang='lat' dir='ltr'><strong>quibus</strong></span> <span class='ocrx_word' id='word_1_105' title='bbox 1034 2483 1145 2550; x_wconf 85' lang='lat' dir='ltr'><strong>videre</strong></span> <span class='ocrx_word' id='word_1_106' title='bbox 1166 2483 1298 2571; x_wconf 84' lang='lat' dir='ltr'><strong>poteris,</strong></span> <span class='ocrx_word' id='word_1_107' title='bbox 1313 2484 1477 2570; x_wconf 90' lang='lat' dir='ltr'><strong>quomodo</strong></span> 
     </span>
     <span class='ocr_line' id='line_1_16' title="bbox 429 2585 1477 2677; baseline -0.006 -20"><span class='ocrx_word' id='word_1_108' title='bbox 429 2599 447 2630; x_wconf 90' lang='lat'><strong><em>“</em></strong></span> <span class='ocrx_word' id='word_1_109' title='bbox 469 2591 506 2657; x_wconf 92' lang='lat' dir='ltr'><strong>in</strong></span> <span class='ocrx_word' id='word_1_110' title='bbox 526 2590 607 2677; x_wconf 88' lang='lat' dir='ltr'><strong>ipsis</strong></span> <span class='ocrx_word' id='word_1_111' title='bbox 628 2586 787 2656; x_wconf 80' lang='lat' dir='ltr'><strong>³tulentis</strong></span> <span class='ocrx_word' id='word_1_112' title='bbox 808 2587 928 2654; x_wconf 84' lang='lat' dir='ltr'><strong>fuerim</strong></span> <span class='ocrx_word' id='word_1_113' title='bbox 956 2585 1156 2674; x_wconf 75' lang='lat' dir='ltr'><strong>negotiatus,</strong></span> <span class='ocrx_word' id='word_1_114' title='bbox 1180 2590 1221 2650; x_wconf 91' lang='lat' dir='ltr'><strong>ut</strong></span> <span class='ocrx_word' id='word_1_115' title='bbox 1242 2585 1477 2672; x_wconf 75' lang='lat' dir='ltr'><strong>completarum</strong></span> 
     </span>
     <span class='ocr_line' id='line_1_17' title="bbox 430 2686 1476 2772; baseline -0.005 -11"><span class='ocrx_word' id='word_1_116' title='bbox 430 2700 449 2731; x_wconf 89' lang='lat'><strong><em>“</em></strong></span> <span class='ocrx_word' id='word_1_117' title='bbox 470 2693 543 2761; x_wconf 89' lang='lat' dir='ltr'><strong>tibi.</strong></span> <span class='ocrx_word' id='word_1_118' title='bbox 587 2691 626 2758; x_wconf 85' lang='lat' dir='ltr'><strong>Si</strong></span> <span class='ocrx_word' id='word_1_119' title='bbox 646 2691 740 2772; x_wconf 89' lang='lat' dir='ltr'><strong>bene,</strong></span> <span class='ocrx_word' id='word_1_120' title='bbox 762 2695 798 2756; x_wconf 90' lang='lat' dir='ltr'><strong>et</strong></span> <span class='ocrx_word' id='word_1_121' title='bbox 822 2689 866 2756; x_wconf 79' lang='lat' dir='ltr'><strong>ud</strong></span> <span class='ocrx_word' id='word_1_122' title='bbox 895 2689 1135 2756; x_wconf 78' lang='lat' dir='ltr'><strong>incrementum</strong></span> <span class='ocrx_word' id='word_1_123' title='bbox 1156 2686 1249 2768; x_wconf 86' lang='lat' dir='ltr'><strong>lueri,</strong></span> <span class='ocrx_word' id='word_1_124' title='bbox 1270 2691 1352 2754; x_wconf 88' lang='lat' dir='ltr'><strong>tuno</strong></span> <span class='ocrx_word' id='word_1_125' title='bbox 1373 2689 1476 2756; x_wconf 77' lang='lat' dir='ltr'><strong>dicito</strong></span> 
     </span>
     <span class='ocr_line' id='line_1_18' title="bbox 427 2788 1477 2881; baseline -0.006 -19"><span class='ocrx_word' id='word_1_126' title='bbox 427 2803 445 2832; x_wconf 92' lang='lat'><strong>“</strong></span> <span class='ocrx_word' id='word_1_127' title='bbox 468 2794 581 2875; x_wconf 69' lang='lat' dir='ltr'><strong>&#39;mihi</strong></span> <span class='ocrx_word' id='word_1_128' title='bbox 597 2792 871 2881; x_wconf 79' lang='lat' dir='ltr'><strong>quemadmodum</strong></span> <span class='ocrx_word' id='word_1_129' title='bbox 886 2791 1041 2858; x_wconf 81' lang='lat' dir='ltr'><strong>scribitur</strong></span> <span class='ocrx_word' id='word_1_130' title='bbox 1054 2791 1091 2856; x_wconf 92' lang='lat' dir='ltr'><strong>in</strong></span> <span class='ocrx_word' id='word_1_131' title='bbox 1104 2788 1477 2880; x_wconf 78' lang='lat' dir='ltr'><strong>⁴Evmrgelio‚-‘Euge,</strong></span> 
     </span>
     <span class='ocr_line' id='line_1_19' title="bbox 427 2891 1478 2981; baseline -0.006 -15"><span class='ocrx_word' id='word_1_132' title='bbox 427 2908 444 2936; x_wconf 90' lang='lat'><strong>“</strong></span> <span class='ocrx_word' id='word_1_133' title='bbox 468 2908 584 2966; x_wconf 88' lang='lat' dir='ltr'><strong>‘serve</strong></span> <span class='ocrx_word' id='word_1_134' title='bbox 606 2895 700 2977; x_wconf 86' lang='lat' dir='ltr'><strong>bone,</strong></span> <span class='ocrx_word' id='word_1_135' title='bbox 716 2901 751 2963; x_wconf 92' lang='lat' dir='ltr'><strong>et</strong></span> <span class='ocrx_word' id='word_1_136' title='bbox 771 2895 888 2974; x_wconf 89' lang='lat' dir='ltr'><strong>fidelis,</strong></span> <span class='ocrx_word' id='word_1_137' title='bbox 902 2893 981 2981; x_wconf 82' lang='lat' dir='ltr'><strong>quia</strong></span> <span class='ocrx_word' id='word_1_138' title='bbox 1002 2913 1099 2981; x_wconf 83' lang='lat' dir='ltr'><strong>super</strong></span> <span class='ocrx_word' id='word_1_139' title='bbox 1120 2913 1225 2980; x_wconf 77' lang='lat' dir='ltr'><strong>peuce</strong></span> <span class='ocrx_word' id='word_1_140' title='bbox 1245 2891 1340 2960; x_wconf 82' lang='lat' dir='ltr'><strong>fuisti</strong></span> <span class='ocrx_word' id='word_1_141' title='bbox 1361 2893 1478 2976; x_wconf 81' lang='lat' dir='ltr'><strong>fidelis,</strong></span> 
     </span>
     <span class='ocr_line' id='line_1_20' title="bbox 426 2994 1476 3086; baseline -0.004 -20"><span class='ocrx_word' id='word_1_142' title='bbox 426 3009 445 3036; x_wconf 87' lang='lat'><strong>“</strong></span> <span class='ocrx_word' id='word_1_143' title='bbox 466 3001 580 3068; x_wconf 80' lang='lat' dir='ltr'><strong>‘intre</strong></span> <span class='ocrx_word' id='word_1_144' title='bbox 601 2999 639 3064; x_wconf 89' lang='lat' dir='ltr'><strong>in</strong></span> <span class='ocrx_word' id='word_1_145' title='bbox 660 2998 821 3086; x_wconf 74' lang='lat' dir='ltr'><strong>gaudium</strong></span> <span class='ocrx_word' id='word_1_146' title='bbox 851 2996 978 3064; x_wconf 90' lang='lat' dir='ltr'><strong>domiui</strong></span> <span class='ocrx_word' id='word_1_147' title='bbox 1007 2995 1074 3063; x_wconf 83' lang='lat' dir='ltr'><strong>tui&#39;</strong></span> <span class='ocrx_word' id='word_1_148' title='bbox 1122 2994 1161 3061; x_wconf 86' lang='lat' dir='ltr'><strong>Si</strong></span> <span class='ocrx_word' id='word_1_149' title='bbox 1183 3016 1262 3062; x_wconf 86' lang='lat' dir='ltr'><strong>vero</strong></span> <span class='ocrx_word' id='word_1_150' title='bbox 1290 2995 1336 3062; x_wconf 83' lang='lat' dir='ltr'><strong>ed</strong></span> <span class='ocrx_word' id='word_1_151' title='bbox 1358 2994 1476 3062; x_wconf 77' lang='lat' dir='ltr'><strong>⁵dum-</strong></span> 
     </span>
     <span class='ocr_line' id='line_1_21' title="bbox 427 3097 1477 3183; baseline -0.002 -14"><span class='ocrx_word' id='word_1_152' title='bbox 427 3109 445 3139; x_wconf 91' lang='lat'>“</span> <span class='ocrx_word' id='word_1_153' title='bbox 467 3124 557 3182; x_wconf 91' lang='lat' dir='ltr'><strong>uum,</strong></span> <span class='ocrx_word' id='word_1_154' title='bbox 579 3107 721 3180; x_wconf 77' lang='lat' dir='ltr'><strong>vastum,</strong></span> <span class='ocrx_word' id='word_1_155' title='bbox 744 3101 815 3168; x_wconf 89' lang='lat' dir='ltr'><strong>sive</strong></span> <span class='ocrx_word' id='word_1_156' title='bbox 837 3100 1075 3167; x_wconf 79' lang='lat' dir='ltr'><strong>detrimentum</strong></span> <span class='ocrx_word' id='word_1_157' title='bbox 1097 3097 1236 3183; x_wconf 80' lang='lat' dir='ltr'><strong>uiieujus</strong></span> <span class='ocrx_word' id='word_1_158' title='bbox 1265 3097 1371 3177; x_wconf 83' lang='lat' dir='ltr'><strong>officii,</strong></span> <span class='ocrx_word' id='word_1_159' title='bbox 1393 3103 1477 3167; x_wconf 89' lang='lat' dir='ltr'><strong>tune</strong></span> 
     </span>
     <span class='ocr_line' id='line_1_22' title="bbox 428 3200 1475 3282; baseline -0.003 -11"><span class='ocrx_word' id='word_1_160' title='bbox 428 3212 446 3242; x_wconf 89' lang='lat'><strong>“</strong></span> <span class='ocrx_word' id='word_1_161' title='bbox 467 3205 570 3271; x_wconf 87' lang='lat' dir='ltr'><strong>dioito</strong></span> <span class='ocrx_word' id='word_1_162' title='bbox 585 3200 1087 3280; x_wconf 79' lang='lat' dir='ltr'><strong>circumstantibus,-‘Auferte</strong></span> <span class='ocrx_word' id='word_1_163' title='bbox 1102 3201 1144 3266; x_wconf 89' lang='lat' dir='ltr'><strong>eb</strong></span> <span class='ocrx_word' id='word_1_164' title='bbox 1159 3200 1217 3265; x_wconf 85' lang='lat' dir='ltr'><strong>illo</strong></span> <span class='ocrx_word' id='word_1_165' title='bbox 1240 3200 1368 3267; x_wconf 79' lang='lat' dir='ltr'><strong>talentu</strong></span> <span class='ocrx_word' id='word_1_166' title='bbox 1378 3201 1475 3282; x_wconf 80' lang='lat' dir='ltr'><strong>dieto,</strong></span> 
     </span>
     <span class='ocr_line' id='line_1_23' title="bbox 428 3301 1477 3392; baseline 0.002 -20"><span class='ocrx_word' id='word_1_167' title='bbox 428 3315 446 3342; x_wconf 91' lang='lat'><strong>“</strong></span> <span class='ocrx_word' id='word_1_168' title='bbox 469 3311 528 3373; x_wconf 90' lang='lat' dir='ltr'><strong>‘et</strong></span> <span class='ocrx_word' id='word_1_169' title='bbox 550 3305 627 3371; x_wconf 80' lang='lat' dir='ltr'><strong>dote</strong></span> <span class='ocrx_word' id='word_1_170' title='bbox 640 3303 693 3370; x_wconf 91' lang='lat' dir='ltr'><strong>illi</strong></span> <span class='ocrx_word' id='word_1_171' title='bbox 711 3305 769 3391; x_wconf 92' lang='lat' dir='ltr'><strong>qui</strong></span> <span class='ocrx_word' id='word_1_172' title='bbox 791 3303 909 3370; x_wconf 89' lang='lat' dir='ltr'><strong>melius</strong></span> <span class='ocrx_word' id='word_1_173' title='bbox 932 3303 1126 3392; x_wconf 86' lang='lat' dir='ltr'><strong>fideliusque</strong></span> <span class='ocrx_word' id='word_1_174' title='bbox 1148 3323 1182 3368; x_wconf 94' lang='lat' dir='ltr'><strong>se</strong></span> <span class='ocrx_word' id='word_1_175' title='bbox 1204 3301 1324 3369; x_wconf 78' lang='lat' dir='ltr'><strong>hebere</strong></span> <span class='ocrx_word' id='word_1_176' title='bbox 1346 3307 1477 3374; x_wconf 84' lang='lat' dir='ltr'><strong>noverit</strong></span> 
     </span>
     <span class='ocr_line' id='line_1_24' title="bbox 429 3405 1218 3494; baseline -0.005 -20"><span class='ocrx_word' id='word_1_177' title='bbox 429 3414 446 3444; x_wconf 89' lang='lat'>“</span> <span class='ocrx_word' id='word_1_178' title='bbox 468 3409 528 3474; x_wconf 91' lang='lat' dir='ltr'><strong>‘in</strong></span> <span class='ocrx_word' id='word_1_179' title='bbox 550 3405 775 3494; x_wconf 77' lang='lat' dir='ltr'><strong>negotiatione</strong></span> <span class='ocrx_word' id='word_1_180' title='bbox 796 3405 898 3472; x_wconf 78' lang='lat' dir='ltr'><strong>suu”&#39;</strong></span> <span class='ocrx_word' id='word_1_181' title='bbox 1210 3461 1218 3478; x_wconf 84' lang='lat'><strong>.</strong></span> 
     </span>
     <span class='ocr_line' id='line_1_25' title="bbox 259 3506 1476 3612; baseline 0.004 -38"><span class='ocrx_word' id='word_1_182' title='bbox 259 3558 390 3612; x_wconf 47' lang='lat' dir='ltr'><strong>mm·</strong></span> <span class='ocrx_word' id='word_1_183' title='bbox 474 3507 596 3588; x_wconf 65' lang='lat' dir='ltr'><strong>Aoum,</strong></span> <span class='ocrx_word' id='word_1_184' title='bbox 619 3507 699 3574; x_wconf 88' lang='lat' dir='ltr'><strong>visis</strong></span> <span class='ocrx_word' id='word_1_185' title='bbox 729 3507 796 3574; x_wconf 89' lang='lat' dir='ltr'><strong>hiis</strong></span> <span class='ocrx_word' id='word_1_186' title='bbox 828 3509 996 3596; x_wconf 78' lang='lat' dir='ltr'><strong>compotis,</strong></span> <span class='ocrx_word' id='word_1_187' title='bbox 1018 3513 1054 3576; x_wconf 86' lang='lat' dir='ltr'><strong>et</strong></span> <span class='ocrx_word' id='word_1_188' title='bbox 1083 3506 1268 3596; x_wconf 83' lang='lat' dir='ltr'><strong>supervisie,</strong></span> <span class='ocrx_word' id='word_1_189' title='bbox 1294 3508 1476 3599; x_wconf 85' lang='lat' dir='ltr'><strong>meliusque</strong></span> 
     </span>
     <span class='ocr_line' id='line_1_26' title="bbox 258 3610 1476 3699; baseline 0.002 -20"><span class='ocrx_word' id='word_1_190' title='bbox 258 3610 636 3694; x_wconf 70' lang='lat' dir='ltr'><strong>aminingueexemiuutie,</strong></span> <span class='ocrx_word' id='word_1_191' title='bbox 657 3611 776 3678; x_wconf 88' lang='lat' dir='ltr'><strong>intulit</strong></span> <span class='ocrx_word' id='word_1_192' title='bbox 798 3611 829 3678; x_wconf 88' lang='lat' dir='ltr'><strong>ei</strong></span> <span class='ocrx_word' id='word_1_193' title='bbox 851 3616 926 3699; x_wconf 84' lang='lat' dir='ltr'><strong>post</strong></span> <span class='ocrx_word' id='word_1_194' title='bbox 948 3610 1019 3677; x_wconf 85' lang='lat' dir='ltr'><strong>dies</strong></span> <span class='ocrx_word' id='word_1_195' title='bbox 1040 3633 1160 3699; x_wconf 85' lang='lat' dir='ltr'><strong>peueos</strong></span> <span class='ocrx_word' id='word_1_196' title='bbox 1181 3633 1294 3678; x_wconf 86' lang='lat' dir='ltr'><strong>rursus</strong></span> <span class='ocrx_word' id='word_1_197' title='bbox 1319 3614 1380 3679; x_wconf 90' lang='lat' dir='ltr'><strong>sub</strong></span> <span class='ocrx_word' id='word_1_198' title='bbox 1410 3613 1476 3682; x_wconf 89' lang='lat' dir='ltr'><strong>hiis</strong></span> 
     </span>
     <span class='ocr_line' id='line_1_27' title="bbox 260 3704 1475 3812; baseline 0.002 -29"><span class='ocrx_word' id='word_1_199' title='bbox 260 3704 401 3812; x_wconf 45' lang='lat' dir='ltr'><strong>ffiffiffgt</strong></span> <span class='ocrx_word' id='word_1_200' title='bbox 429 3713 540 3782; x_wconf 88' lang='lat' dir='ltr'><strong>verbis</strong></span> <span class='ocrx_word' id='word_1_201' title='bbox 554 3719 643 3778; x_wconf 89' lang='lat'><strong>:-“</strong></span> <span class='ocrx_word' id='word_1_202' title='bbox 652 3713 798 3794; x_wconf 88' lang='lat' dir='ltr'><strong>Dudum,</strong></span> <span class='ocrx_word' id='word_1_203' title='bbox 829 3714 939 3792; x_wconf 70' lang='lat' dir='ltr'><strong>freter,</strong></span> <span class='ocrx_word' id='word_1_204' title='bbox 960 3705 1159 3801; x_wconf 80' lang='lat' dir='ltr'><strong>Apostolum</strong></span> <span class='ocrx_word' id='word_1_205' title='bbox 1192 3712 1304 3801; x_wconf 73' lang='lat' dir='ltr'><strong>⁶apud</strong></span> <span class='ocrx_word' id='word_1_206' title='bbox 1336 3717 1475 3802; x_wconf 62' lang='lat' dir='ltr'><strong>qmstio</strong></span> 
     </span>
     <span class='ocr_line' id='line_1_28' title="bbox 260 3816 1475 3905; baseline 0.002 -20"><span class='ocrx_word' id='word_1_207' title='bbox 260 3841 376 3878; x_wconf 70' lang='lat' dir='ltr'><strong>omnus</strong></span> <span class='ocrx_word' id='word_1_208' title='bbox 430 3823 449 3854; x_wconf 84' lang='lat'><strong>‘⁴</strong></span> <span class='ocrx_word' id='word_1_209' title='bbox 471 3817 590 3898; x_wconf 75' lang='lat' dir='ltr'><strong>fueret,</strong></span> <span class='ocrx_word' id='word_1_210' title='bbox 623 3817 699 3904; x_wconf 88' lang='lat' dir='ltr'><strong>quie</strong></span> <span class='ocrx_word' id='word_1_211' title='bbox 729 3817 819 3884; x_wconf 88' lang='lat' dir='ltr'><strong>inter</strong></span> <span class='ocrx_word' id='word_1_212' title='bbox 851 3817 1091 3905; x_wconf 76' lang='lat' dir='ltr'><strong>dispensatores</strong></span> <span class='ocrx_word' id='word_1_213' title='bbox 1121 3816 1379 3886; x_wconf 87' lang='lat' dir='ltr'><strong>ministeriorum</strong></span> <span class='ocrx_word' id='word_1_214' title='bbox 1409 3821 1475 3887; x_wconf 90' lang='lat' dir='ltr'><strong>Dei</strong></span> 
     </span>
     <span class='ocr_line' id='line_1_29' title="bbox 259 3893 1474 4026; baseline 0.002 -39"><span class='ocrx_word' id='word_1_215' title='bbox 259 3893 365 4026; x_wconf 41' lang='grc' dir='ltr'><strong>ζέω</strong></span> <span class='ocrx_word' id='word_1_216' title='bbox 429 3926 447 3957; x_wconf 87' lang='lat'>“</span> <span class='ocrx_word' id='word_1_217' title='bbox 468 3920 575 3987; x_wconf 84' lang='lat' dir='ltr'><strong>fidelis</strong></span> <span class='ocrx_word' id='word_1_218' title='bbox 597 3920 664 3987; x_wconf 88' lang='lat' dir='ltr'><strong>diei</strong></span> <span class='ocrx_word' id='word_1_219' title='bbox 685 3920 786 3988; x_wconf 80' lang='lat' dir='ltr'><strong>hebet</strong></span> <span class='ocrx_word' id='word_1_220' title='bbox 797 3945 806 4001; x_wconf 92' lang='lat'>;</span> <span class='ocrx_word' id='word_1_221' title='bbox 840 3920 1045 4008; x_wconf 83' lang='lat' dir='ltr'><strong>quaestioque</strong></span> <span class='ocrx_word' id='word_1_222' title='bbox 1074 3925 1125 3986; x_wconf 86' lang='lat' dir='ltr'><strong>est</strong></span> <span class='ocrx_word' id='word_1_223' title='bbox 1147 3919 1248 3986; x_wconf 83' lang='lat' dir='ltr'><strong>etium</strong></span> <span class='ocrx_word' id='word_1_224' title='bbox 1270 3918 1383 4009; x_wconf 73' lang='lat' dir='ltr'><strong>⁰opud</strong></span> <span class='ocrx_word' id='word_1_225' title='bbox 1405 3945 1474 4002; x_wconf 84' lang='lat' dir='ltr'><strong>nos,</strong></span> 
     </span>
     <span class='ocr_line' id='line_1_30' title="bbox 260 4021 1474 4112; baseline 0.014 -36"><span class='ocrx_word' id='word_1_226' title='bbox 260 4025 374 4080; x_wconf 60' lang='lat' dir='ltr'><strong>&#39;unul</strong></span> <span class='ocrx_word' id='word_1_227' title='bbox 430 4031 447 4058; x_wconf 87' lang='lat'>“</span> <span class='ocrx_word' id='word_1_228' title='bbox 468 4030 524 4076; x_wconf 87' lang='lat'><strong>-‘</strong></span> <span class='ocrx_word' id='word_1_229' title='bbox 536 4023 619 4105; x_wconf 83' lang='lat' dir='ltr'><strong>Quis</strong></span> <span class='ocrx_word' id='word_1_230' title='bbox 640 4027 739 4112; x_wconf 84' lang='lat' dir='ltr'><strong>putas</strong></span> <span class='ocrx_word' id='word_1_231' title='bbox 761 4024 849 4090; x_wconf 88' lang='lat' dir='ltr'><strong>inter</strong></span> <span class='ocrx_word' id='word_1_232' title='bbox 871 4023 1043 4090; x_wconf 75' lang='lat' dir='ltr'><strong>officiarios</strong></span> <span class='ocrx_word' id='word_1_233' title='bbox 1064 4027 1193 4090; x_wconf 85' lang='lat' dir='ltr'><strong>nostros</strong></span> <span class='ocrx_word' id='word_1_234' title='bbox 1214 4021 1321 4090; x_wconf 86' lang='lat' dir='ltr'><strong>fidelis</strong></span> <span class='ocrx_word' id='word_1_235' title='bbox 1343 4029 1395 4092; x_wconf 88' lang='lat' dir='ltr'><strong>est</strong></span> <span class='ocrx_word' id='word_1_236' title='bbox 1409 4026 1474 4093; x_wconf 87' lang='lat' dir='ltr'><strong>dis-</strong></span> 
     </span>
    </p>
   </div>
   <div class='ocr_carea' id='block_1_7' title="bbox 259 4093 1475 4227">
    <p class='ocr_par' dir='ltr' id='par_1_7' title="bbox 259 4093 1475 4227">
     <span class='ocr_line' id='line_1_31' title="bbox 259 4093 1475 4227; baseline 0.024 -46"><span class='ocrx_word' id='word_1_237' title='bbox 259 4093 376 4227; x_wconf 49' lang='lat' dir='ltr'><strong>ffigf,</strong></span> <span class='ocrx_word' id='word_1_238' title='bbox 428 4135 448 4163; x_wconf 88' lang='lat'><strong>“</strong></span> <span class='ocrx_word' id='word_1_239' title='bbox 469 4130 656 4214; x_wconf 70' lang='lat' dir='ltr'><strong>‘pensator³</strong></span> <span class='ocrx_word' id='word_1_240' title='bbox 675 4137 709 4192; x_wconf 85' lang='lat' dir='ltr'><strong>et</strong></span> <span class='ocrx_word' id='word_1_241' title='bbox 732 4127 885 4214; x_wconf 88' lang='lat' dir='ltr'><strong>prudens,</strong></span> <span class='ocrx_word' id='word_1_242' title='bbox 900 4130 940 4192; x_wconf 90' lang='lat' dir='ltr'><strong>ut</strong></span> <span class='ocrx_word' id='word_1_243' title='bbox 961 4127 1043 4193; x_wconf 82' lang='lat' dir='ltr'><strong>soiut</strong></span> <span class='ocrx_word' id='word_1_244' title='bbox 1058 4127 1095 4192; x_wconf 92' lang='lat' dir='ltr'><strong>in</strong></span> <span class='ocrx_word' id='word_1_245' title='bbox 1110 4130 1255 4212; x_wconf 76' lang='lat' dir='ltr'><strong>tempore</strong></span> <span class='ocrx_word' id='word_1_246' title='bbox 1268 4126 1374 4194; x_wconf 64' lang='lat' dir='ltr'><strong>trifissi</strong></span> <span class='ocrx_word' id='word_1_247' title='bbox 1395 4127 1475 4196; x_wconf 63' lang='lat'>(1³10</span> 
     </span>
    </p>
   </div>
   <div class='ocr_carea' id='block_1_8' title="bbox 258 4225 1474 4420">
    <p class='ocr_par' dir='ltr' id='par_1_8' title="bbox 258 4225 1474 4420">
     <span class='ocr_line' id='line_1_32' title="bbox 259 4225 1474 4317; baseline 0.016 -40"><span class='ocrx_word' id='word_1_248' title='bbox 259 4225 367 4290; x_wconf 77' lang='lat' dir='ltr'><strong>income,</strong></span> <span class='ocrx_word' id='word_1_249' title='bbox 432 4233 450 4266; x_wconf 87' lang='lat'><strong>“</strong></span> <span class='ocrx_word' id='word_1_250' title='bbox 473 4236 684 4296; x_wconf 78' lang='lat' dir='ltr'><strong>‘mensuram</strong></span> <span class='ocrx_word' id='word_1_251' title='bbox 706 4228 927 4296; x_wconf 81' lang='lat' dir='ltr'><strong>oonfrutribus</strong></span> <span class='ocrx_word' id='word_1_252' title='bbox 948 4229 1054 4295; x_wconf 73' lang='lat' dir='ltr'><strong>suist&#39;</strong></span> <span class='ocrx_word' id='word_1_253' title='bbox 1099 4229 1346 4317; x_wconf 85' lang='lat' dir='ltr'><strong>Respondentes</strong></span> <span class='ocrx_word' id='word_1_254' title='bbox 1361 4235 1474 4298; x_wconf 82' lang='lat' dir='ltr'><strong>tomen</strong></span> 
     </span>
     <span class='ocr_line' id='line_1_33' title="bbox 258 4295 1473 4420; baseline 0.002 -22"><span class='ocrx_word' id='word_1_255' title='bbox 258 4295 411 4414; x_wconf 48' lang='lat' dir='ltr'><strong>fffflm</strong></span> <span class='ocrx_word' id='word_1_256' title='bbox 430 4339 448 4368; x_wconf 89' lang='lat'>“</span> <span class='ocrx_word' id='word_1_257' title='bbox 469 4330 697 4414; x_wconf 60' lang='lat' dir='ltr'><strong>dicimus-N</strong></span> <span class='ocrx_word' id='word_1_258' title='bbox 698 4353 880 4418; x_wconf 74' lang='lat' dir='ltr'><strong>equaquam</strong></span> <span class='ocrx_word' id='word_1_259' title='bbox 902 4353 937 4399; x_wconf 85' lang='lat' dir='ltr'><strong>es</strong></span> <span class='ocrx_word' id='word_1_260' title='bbox 957 4337 1006 4414; x_wconf 87' lang='lat' dir='ltr'><strong>tu,</strong></span> <span class='ocrx_word' id='word_1_261' title='bbox 1029 4333 1138 4412; x_wconf 82' lang='lat' dir='ltr'><strong>freter,</strong></span> <span class='ocrx_word' id='word_1_262' title='bbox 1161 4331 1366 4420; x_wconf 81' lang='lat' dir='ltr'><strong>dispeusator</strong></span> <span class='ocrx_word' id='word_1_263' title='bbox 1387 4335 1473 4415; x_wconf 80' lang='lat' dir='ltr'><strong>tulis,</strong></span> 
     </span>
    </p>
   </div>
   <div class='ocr_carea' id='block_1_9' title="bbox 686 4505 1473 4517">
    <p class='ocr_par' dir='ltr' id='par_1_9' title="bbox 686 4505 1473 4517">
     <span class='ocr_line' id='line_1_34' title="bbox 686 4505 1473 4517; baseline 0.005 -5"><span class='ocrx_word' id='word_1_264' title='bbox 686 4505 745 4512; x_wconf 79' lang='lat'><em>-——.</em></span> <span class='ocrx_word' id='word_1_265' title='bbox 754 4507 868 4512; x_wconf 60' lang='lat'>-..---.-—</span> <span class='ocrx_word' id='word_1_266' title='bbox 874 4508 887 4512; x_wconf 89' lang='lat'>-</span> <span class='ocrx_word' id='word_1_267' title='bbox 892 4508 900 4513; x_wconf 87' lang='lat'><em>.</em></span> <span class='ocrx_word' id='word_1_268' title='bbox 907 4507 952 4513; x_wconf 74' lang='grc'><strong>...-</strong></span> <span class='ocrx_word' id='word_1_269' title='bbox 1308 4508 1408 4515; x_wconf 77' lang='lat'>-------</span> <span class='ocrx_word' id='word_1_270' title='bbox 1416 4509 1473 4517; x_wconf 80' lang='lat'>-—.-</span> 
     </span>
    </p>
   </div>
   <div class='ocr_carea' id='block_1_10' title="bbox 427 4584 1272 4884">
    <p class='ocr_par' dir='ltr' id='par_1_10' title="bbox 427 4584 1272 4732">
     <span class='ocr_line' id='line_1_35' title="bbox 462 4584 1272 4694; baseline 0.004 -58"><span class='ocrx_word' id='word_1_271' title='bbox 462 4585 469 4618; x_wconf 94' lang='lat'>¹</span> <span class='ocrx_word' id='word_1_272' title='bbox 481 4585 536 4676; x_wconf 60' lang='lat' dir='ltr'><strong>&#39;Ite</strong></span> <span class='ocrx_word' id='word_1_273' title='bbox 547 4587 602 4635; x_wconf 74' lang='lat' dir='ltr'><strong>first</strong></span> <span class='ocrx_word' id='word_1_274' title='bbox 613 4584 842 4676; x_wconf 65' lang='lat' dir='ltr'><strong>letterisomitted3</strong></span> <span class='ocrx_word' id='word_1_275' title='bbox 859 4592 886 4636; x_wconf 81' lang='lat' dir='ltr'><strong>to</strong></span> <span class='ocrx_word' id='word_1_276' title='bbox 897 4587 929 4637; x_wconf 83' lang='lat' dir='ltr'><strong>be</strong></span> <span class='ocrx_word' id='word_1_277' title='bbox 948 4591 951 4694; x_wconf 58' lang='grc'>,</span> <span class='ocrx_word' id='word_1_278' title='bbox 1005 4585 1147 4638; x_wconf 71' lang='lat' dir='ltr'><strong>‘Mautm</strong></span> <span class='ocrx_word' id='word_1_279' title='bbox 1158 4603 1220 4639; x_wconf 79' lang='lat' dir='ltr'>xxv.</span> <span class='ocrx_word' id='word_1_280' title='bbox 1231 4592 1272 4639; x_wconf 81' lang='lat'><strong>21.</strong></span> 
     </span>
     <span class='ocr_line' id='line_1_36' title="bbox 427 4661 1260 4732; baseline 0 -16"><span class='ocrx_word' id='word_1_281' title='bbox 427 4661 762 4729; x_wconf 85' lang='lat' dir='ltr'><strong>supphedmrliummutrou.</strong></span> <span class='ocrx_word' id='word_1_282' title='bbox 1004 4665 1191 4732; x_wconf 63' lang='grc' dir='ltr'><strong>ὅάωηριιιιιιιίῑι</strong></span> <span class='ocrx_word' id='word_1_283' title='bbox 1203 4667 1260 4719; x_wconf 86' lang='lat' dir='ltr'><strong>MS.</strong></span> 
     </span>
    </p>

    <p class='ocr_par' dir='ltr' id='par_1_11' title="bbox 459 4701 1191 4812">
     <span class='ocr_line' id='line_1_37' title="bbox 459 4701 1191 4812; baseline 0 -16"><span class='ocrx_word' id='word_1_284' title='bbox 459 4747 470 4780; x_wconf 81' lang='lat'>²</span> <span class='ocrx_word' id='word_1_285' title='bbox 481 4744 552 4796; x_wconf 65' lang='lat' dir='ltr'><strong>moti</strong></span> <span class='ocrx_word' id='word_1_286' title='bbox 562 4745 588 4796; x_wconf 87' lang='lat' dir='ltr'><strong>iu</strong></span> <span class='ocrx_word' id='word_1_287' title='bbox 599 4745 656 4796; x_wconf 83' lang='lat' dir='ltr'><strong>MS.</strong></span> <span class='ocrx_word' id='word_1_288' title='bbox 948 4701 950 4811; x_wconf 70' lang='lat' dir='ltr'><strong>i</strong></span> <span class='ocrx_word' id='word_1_289' title='bbox 1005 4745 1016 4777; x_wconf 87' lang='lat'><strong>⁶</strong></span> <span class='ocrx_word' id='word_1_290' title='bbox 1026 4753 1086 4812; x_wconf 78' lang='lat' dir='ltr'><strong>aput</strong></span> <span class='ocrx_word' id='word_1_291' title='bbox 1098 4746 1124 4796; x_wconf 86' lang='lat' dir='ltr'><strong>in</strong></span> <span class='ocrx_word' id='word_1_292' title='bbox 1135 4745 1191 4800; x_wconf 80' lang='lat' dir='ltr'><strong>MS.</strong></span> 
     </span>
    </p>

    <p class='ocr_par' dir='ltr' id='par_1_12' title="bbox 460 4823 950 4884">
     <span class='ocr_line' id='line_1_38' title="bbox 460 4823 950 4884; baseline -0.006 -6"><span class='ocrx_word' id='word_1_293' title='bbox 460 4826 470 4858; x_wconf 82' lang='lat'><strong>³</strong></span> <span class='ocrx_word' id='word_1_294' title='bbox 482 4827 513 4878; x_wconf 88' lang='lat' dir='ltr'><strong>Iu</strong></span> <span class='ocrx_word' id='word_1_295' title='bbox 524 4824 629 4878; x_wconf 67' lang='lat' dir='ltr'><strong>allusion</strong></span> <span class='ocrx_word' id='word_1_296' title='bbox 640 4831 667 4877; x_wconf 88' lang='lat' dir='ltr'><strong>to</strong></span> <span class='ocrx_word' id='word_1_297' title='bbox 676 4823 798 4876; x_wconf 76' lang='lat' dir='ltr'><strong>Mutttew</strong></span> <span class='ocrx_word' id='word_1_298' title='bbox 807 4841 868 4876; x_wconf 81' lang='lat' dir='ltr'>xxv.</span> <span class='ocrx_word' id='word_1_299' title='bbox 880 4831 919 4875; x_wconf 78' lang='lat'><strong>15.</strong></span> <span class='ocrx_word' id='word_1_300' title='bbox 948 4876 950 4884; x_wconf 75' lang='grc'><em>,</em></span> 
     </span>
    </p>
   </div>
   <div class='ocr_carea' id='block_1_11' title="bbox 0 0 1798 5831">
    <p class='ocr_par' dir='ltr' id='par_1_13' title="bbox 0 0 1798 5831">
     <span class='ocr_line' id='line_1_39' title="bbox 0 0 1798 5831; baseline 0 0"><span class='ocrx_word' id='word_1_301' title='bbox 0 0 1798 5831; x_wconf 95' lang='lat' dir='ltr'><strong> </strong></span> 
     </span>
    </p>
   </div>
  </div>
 </body>
</html>
