3588 5838
494 886 667 936 tonsurus
690 882 974 935 wnnrumsrnnn
997 883 1172 934 sncuunn.
1310 870 1353 932 43

306 1085 323 1111 “
347 1081 448 1154 ‘tem,
469 1075 633 1163 predicta,
656 1097 715 1162 pro
736 1073 903 1160 aliquibus
925 1074 968 1139 ad
994 1074 1181 1158 hujusmodi
1207 1073 1350 1141 officium
1365 1075 1432 1128 AD·
1449 1079 1522 1128 1⁴⁴&

306 1185 325 1215 “
348 1178 615 1266 ‘pertinentibus
637 1175 832 1256 faciendum,
858 1177 1083 1257 exercendum,
1107 1199 1165 1243 seu
1187 1199 1352 1264 exequen-

306 1289 325 1316 “
350 1283 459 1360 ‘dum
481 1281 629 1346 immune
651 1280 855 1366 ingrediatur
880 1301 938 1344 seu
959 1280 1196 1366 ingrediantur,
1218 1282 1351 1367 quovis-

307 1390 324 1421 “
350 1384 478 1450 ‘modo
517 1384 563 1448 Et
577 1382 666 1470 quod
680 1389 749 1448 tam
766 1382 916 1469 predicti
926 1382 1038 1448 Abbas
1054 1388 1088 1448 et
1099 1383 1300 1466 Conventus,
1315 1391 1349 1451 et

309 1492 327 1522 “
350 1494 572 1552 ‘successores
593 1485 647 1550 sui
665 1485 823 1571 praedicti
839 1507 877 1549 ac
892 1506 1004 1550 omnes
1019 1489 1054 1550 et
1076 1486 1199 1572 singuli
1214 1488 1353 1552 firmarii

308 1599 326 1626 “
350 1589 434 1669 ‘sui,
457 1588 645 1674 ubicunque
667 1587 799 1667 fuerint,
823 1608 923 1672 quam
946 1609 1059 1652 omnes
1087 1593 1122 1653 et
1152 1589 1275 1678 singuli
1297 1591 1355 1657 ho-

309 1699 329 1728 “
352 1692 480 1757 ‘mines
503 1691 564 1772 sui,
587 1713 625 1756 ac
648 1695 807 1769 tenentes,
834 1696 903 1756 tam
928 1692 1057 1778 integre
1079 1685 1232 1758 tenentes
1255 1716 1354 1779 quam

309 1803 327 1831 “
350 1800 443 1858 ‘non
466 1795 594 1881 integre
617 1799 776 1874 tenentes,
800 1815 838 1858 ac
867 1793 1049 1859 residentes
1071 1800 1106 1860 et
1128 1794 1357 1861 inhabitantes

308 1904 326 1932 “
350 1897 567 1983 ‘quicunque
584 1896 625 1961 de
641 1902 676 1961 et
690 1896 725 1960 in
740 1895 838 1974 villis,
855 1895 1034 1976 hundreda
1047 1901 1081 1962 et
1096 1897 1257 1975 libertate,
1274 1919 1357 1984 pree-

310 2009 327 2035 “
351 1999 480 2078 ‘dictis
503 2019 630 2064 necnon
653 1997 816 2079 dominiis,
840 1999 1004 2078 maneriis,
1020 2000 1116 2078 villis,
1140 2001 1247 2080 terris,
1264 2005 1357 2066 tene·

311 2109 328 2136 “
352 2101 504 2180 ‘mentia
521 2099 785 2187 possessionibus,
806 2102 894 2180 locis,
911 2106 946 2166 et
967 2101 1080 2180 feodis,
1095 2102 1218 2167 eisdem
1233 2102 1360 2169 Abbati

310 2211 328 2238 “
352 2208 410 2269 ‘et
426 2202 616 2270 Conventui
636 2202 678 2268 ad
694 2224 837 2290 praesens
860 2203 996 2282 collatis,
1020 2225 1078 2268 seu
1100 2204 1216 2269 sibiet
1236 2227 1360 2271 succes-

312 2313 330 2341 “
355 2305 504 2373 ‘sonibus
530 2306 598 2372 suis
619 2304 678 2370 1in
708 2310 876 2393 posterum
907 2305 1032 2384 dandis,
1056 2306 1278 2385 concedendis
1302 2329 1361 2372 seu

311 2415 331 2445 “
354 2407 591 2485 ‘conferendis
612 2407 710 2472 liberi
735 2407 811 2486 sint,
836 2412 870 2472 et
900 2407 1014 2493 quieti,
1040 2408 1081 2473 de
1111 2409 1361 2496 quibuscunque

313 2519 330 2546 “
354 2511 483 2598 ‘prisia
513 2509 753 2596 'chiminagiia
780 2511 987 2595 captionibus
1013 2512 1239 2600 cariagiorum,
1262 2535 1361 2598 equo-

312 2619 332 2649 “
356 2619 462 2691 ‘rum‚
485 2619 695 2692 carectarum,
718 2613 950 2699 plaustrorum,
977 2617 1011 2678 et
1041 2615 1178 2680 aliorum
1205 2617 1361 2704 carlegio-

313 2721 330 2750 “
354 2725 451 2781 ‘rum
463 2740 472 2796 ;
493 2737 622 2780 necnon
643 2715 813 2794 frumenti,
837 2712 981 2794 ³hordei,
1004 2716 1081 2796 feni,
1110 2717 1257 2804 siliginis,
1284 2741 1362 2784 ave-

275 2875 277 2882 ,
314 2828 331 2853 “
354 2827 504 2896 ‘narum
528 2817 687 2894 fabarum,
717 2817 872 2904 pisarum,
895 2815 1006 2896 boum,
1029 2819 1264 2902 boviculorum,
1286 2842 1363 2887 vac·

313 2929 332 2955 “
355 2930 499 2998 ‘carum
525 2920 754 3006 juvencarum,
792 2919 937 2999 *ovium
982 2943 1163 3008 porcorum,
1207 2923 1361 3010 porcello-

312 3031 330 3060 “
354 3031 460 3102 ‘rum,
476 3045 664 3109 caprarum,
681 3022 886 3100 lhoedorum,
909 3045 1078 3110 agnorum,
1097 3025 1288 3103 vitulorum,
1306 3049 1363 3090 au-

314 3135 331 3162 “
354 3131 499 3206 ‘carum
538 3129 685 3202 anatum,
723 3145 892 3213 caponum,
935 3125 1142 3211 gallinarum,
1188 3127 1362 3214 pullorum,

315 3235 335 3263 “
359 3228 617 3304 ‘columbarum
648 3226 859 3306 dentricium,
893 3228 1123 3315 anguillarum,
1157 3251 1195 3295 ac
1226 3231 1364 3295 aliorum

316 3339 334 3365 “
360 3330 524 3416 ‘piscium
553 3329 736 3394 recentium
768 3351 1045 3417 quorumcunque,
1073 3337 1107 3397 et
1136 3333 1276 3402 aliorum
1306 3356 1366 3399 vo-

317 3443 334 3468 “
359 3433 527 3498 ‘labilium
549 3433 754 3510 victualium,
779 3433 1011 3512 cuniculorum,
1038 3439 1073 3499 et
1094 3435 1237 3500 ferarum
1270 3434 1366 3502 6sno-

318 3542 336 3570 “
359 3542 466 3615 ‘rum,
486 3535 574 3614 salis,
595 3535 773 3615 straminis,
796 3536 953 3617 meremii,
977 3537 1073 3616 bosci,
1095 3538 1233 3618 subosci,
1254 3541 1367 3606 carbo·

316 3649 335 3674 “
359 3645 473 3718 ‘num,
489 3639 692 3723 aliorumque
714 3638 908 3703 utensilium
929 3659 1062 3704 suorum
1079 3663 1366 3728 quorumcunque;

258 3809 266 3830 ,
317 3747 335 3776 “
359 3743 431 3806 ‘ita
452 3740 541 3828 quod
568 3741 679 3806 nullus
704 3747 841 3828 emptor,
866 3742 1025 3828 provisor,
1054 3743 1125 3809 sive
1155 3750 1269 3831 captor
1298 3747 1366 3811 vic-

318 3849 337 3878 “
362 3843 527 3908 ‘tualium
559 3841 750 3929 hujusmodi
779 3865 840 3930 pro
870 3844 1016 3932 hospitio
1045 3851 1166 3927 nostro,
1189 3847 1367 3925 haeredum,

317 3955 336 3982 “
359 3946 437 4011 ‘vel
453 3967 674 4011 successorum
690 3950 888 4028 nostrorum,
904 3953 964 4012 aut
978 3947 1063 4012 alius
1085 3949 1235 4014 minister
1249 3955 1370 4028 noster,

320 4055 337 4083 ‘⁶
361 4047 439 4114 ‘vel
461 4046 640 4126 haeredum,
657 4048 712 4112 vel
738 4069 958 4113 successorum
988 4054 1183 4128 nostrorum,
1207 4055 1267 4116 aut
1289 4051 1370 4116 alio-

318 4160 335 4186 “
358 4159 458 4215 ‘rum
491 4171 768 4237 quorumcunque,
793 4151 883 4217 dicta
919 4151 1025 4232 villas,
1058 4152 1276 4232 hundredum,
1311 4177 1369 4219 seu

320 4263 337 4288 “
360 4254 582 4330 ‘libertatem
608 4258 668 4318 aut
698 4254 853 4330 maneria,
884 4259 999 4336 terras,
1025 4259 1222 4334 tenementis
1245 4279 1368 4344 posses-

317 4363 336 4390 “
361 4355 500 4439 ‘sionea
517 4356 596 4434 loca,
615 4377 672 4420 seu
694 4355 790 4422 feoda
812 4356 980 4443 praedicta,
996 4363 1056 4422 aut
1078 4357 1222 4442 aliquam
1245 4361 1368 4447 parcel-

353 4657 360 4688 ¹
375 4659 523 4720 inposterum
534 4655 561 4704 in
572 4655 628 4707 MS.
903 4659 913 4690 ⁵
924 4659 1018 4708 edorum
1029 4659 1056 4708 in
1067 4660 1125 4710 MS.

353 4734 612 4798 ’ctt'nu'npiisinllds¹
904 4737 969 4789 ⁰Sic
992 4738 1018 4788 in
1041 4739 1115 4801 Ms.;
1133 4755 1173 4807 qy.
1191 4742 1215 4794 if
1233 4751 1278 4795 not
1293 4759 1370 4806 mum,

352 4813 364 4846 ³
375 4814 442 4864 ordei
452 4814 479 4862 in
490 4813 547 4863 MS.
872 4821 887 4845 ‘⁶
896 4817 955 4867 wild
966 4817 1066 4868 swinc.''

352 4896 362 4926 ⁴
374 4897 475 4945 omnium
487 4895 512 4944 in
523 4893 580 4946 MS.
