3560 5838
793 1587 1092 1668 APPENDIX
1111 1587 1190 1670 (Ο).

553 1921 621 2009 [Du
642 1919 856 1985 Parnousru
878 1917 1080 1984 Pmomrns
1102 1933 1148 1983 un
1171 1917 1417 2004 ammonui]

681 2089 689 2123 ¹
701 2091 738 2140 At
748 2089 791 2140 the
802 2089 852 2140 end
863 2087 895 2138 ol
907 2087 964 2140 MS.
976 2087 1091 2139 Amudel
1102 2087 1154 2139 HL
1166 2086 1221 2140 001.
1233 2088 1306 2139 Arm,

514 2223 566 2288 Ex
588 2218 782 2288 ‘Chroniois
804 2215 981 2284 ⁸llatthaai
1004 2218 1352 2284 Parisiensis-Anno
1380 2218 1515 2284 Domini

468 2325 640 2390 millesimo
674 2321 895 2410 nonagesimo,
927 2321 1093 2386 Robertus
1125 2321 1165 2386 de
1195 2321 1366 2402 Molbraio,
1400 2319 1516 2387 Comes

468 2424 773 2505 Northumbrsnsis,
797 2424 910 2490 volens
931 2423 1107 2489 Ecclesiam
1129 2422 1225 2489 Beati
1249 2423 1394 2509 Oswyni,
1417 2423 1516 2510 Regis

468 2534 503 2595 et
526 2527 694 2616 Martyris,
716 2527 753 2591 in
775 2525 1010 2614 temporalibus
1032 2529 1068 2591 et
1089 2525 1315 2614 spiritualibus
1330 2525 1516 2602 restaurari,

472 2630 534 2718 [et]
550 2629 694 2698 Domino
709 2628 884 2694 monachos
898 2627 1076 2694 sortituros
1095 2648 1222 2713 ponem,
1238 2627 1388 2706 Paulum,
1403 2627 1515 2693 Abbo-

469 2740 536 2800 tem
560 2732 676 2800 Sancti
690 2731 823 2812 Albani,
845 2721 943 2818 super
965 2729 1026 2795 hoo
1048 2731 1225 2812 eonvenit3
1246 2735 1361 2817 petens
1376 2736 1416 2796 ut
1437 2730 1517 2795 illue

469 2836 511 2902 ds
547 2836 644 2900 domo
680 2856 741 2900 sua
777 2832 904 2920 aliquos
942 2831 1116 2898 mouuohos
1155 2831 1346 2911 destinaret,
1376 2853 1516 2919 quorum

413 2994 417 3002 .
468 2936 618 3005 ⁴vietum
633 2941 668 3002 et
684 2940 850 3002 vesturam
866 2955 900 3000 se
915 2933 1066 3021 promisit
1081 2931 1327 3020 ⁶abund[anter
1342 2939 1377 3000 et
1399 2933 1517 3020 ho]no-

468 3040 556 3106 rilioe
571 3037 845 3104 ministraturum.
882 3035 987 3120 Cujus
1008 3035 1165 3123 petitioni
1188 3045 1387 3102 memoratus
1403 3036 1518 3102 Abbas

469 3141 687 3228 adquiescens,
702 3139 858 3226 quosdam
882 3139 960 3204 illus
983 3138 1024 3203 de
1047 3137 1204 3204 lintribus
1225 3139 1405 3205 destinavit
1415 3163 1424 3220 ;
1444 3140 1518 3226 qui-

469 3244 530 3310 bus
554 3243 669 3310 Comes
692 3243 729 3306 in
751 3241 914 3319 maneriis,
930 3239 1123 3322 redditibus,
1139 3240 1296 3327 pisoariis,
1311 3240 1519 3317 molendinis,

469 3349 504 3411 et
537 3345 634 3410 rebus
664 3343 748 3425 eliis,
777 3365 849 3409 oum
886 3341 1093 3428 providisset,
1125 3349 1160 3408 et
1186 3341 1329 3409 ⁶chartis
1358 3343 1518 3431 praediota

470 3447 581 3512 omnia
614 3445 657 3511 ab
689 3445 779 3510 omni
817 3443 965 3510 saeculari
1000 3444 1135 3510 servitio
1166 3445 1283 3524 soluta,
1313 3450 1348 3511 et
1385 3447 1518 3532 penitus

468 3548 581 3624 libera,
598 3547 830 3629 confirmasset,
846 3545 938 3612 dedit
959 3545 1118 3633 praedicto
1140 3546 1275 3626 Abbati,
1299 3547 1411 3626 Paulo,
1434 3547 1519 3634 ejus-

468 3671 532 3736 que
554 3647 798 3727 successoribus,
821 3652 856 3713 et
878 3647 1032 3714 Ecclesiae
1056 3648 1170 3715 Sancti
1193 3649 1326 3729 Albani,
1340 3649 1518 3716 Eoolesim

469 3753 509 3818 ds
546 3751 783 3838 Tynsmu[tha‚
823 3750 912 3835 oum]
953 3749 1021 3815 suis
1058 3751 1278 3838 pertinentiis,
1315 3752 1519 3819 aeternaliter

467 3852 703 3942 possidendam.
751 3853 806 3918 Itu
835 3852 979 3938 quidem,
1002 3857 1042 3918 ut
1067 3851 1217 3920 Abbates
1247 3854 1363 3921 Sancti
1384 3853 1518 3936 Albani,

469 3957 526 4044 qui
558 3977 617 4045 pro
648 3960 797 4041 tempore
830 3953 963 4036 fuerint,
995 3975 1070 4021 cum
1102 3956 1239 4021 oonsilio
1276 3955 1421 4042 ejusdem
1454 3957 1519 4023 looi

469 4058 673 4137 Conventus,
704 4057 842 4123 liberam
873 4055 1017 4122 habeant
1049 4055 1298 4145 dispositionem
1328 4057 1451 4124 Prioris
1484 4064 1519 4124 et

468 4161 710 4240 monachorum,
737 4157 861 4226 ibidem
892 4157 950 4244 [ad
980 4158 1196 4246 po]nendum,
1218 4181 1319 4246 quam
1348 4181 1518 4227 removen-

469 4263 558 4342 dum,
581 4263 667 4329 siout
688 4261 836 4326 viderint
858 4259 1020 4347 expedire

726 4449 1024 4458 ——-.-——----—--.
1111 4453 1136 4456 ..
1225 4453 1231 4458 ,
1264 4455 1271 4458 -
1289 4451 1388 4460 ’,-

503 4559 803 4626 ¹Writtenonaslipol
815 4561 968 4625 parchment,
1052 4558 1286 4614 ³diculntiinlds.

469 4645 496 4694 in
506 4659 522 4694 a
532 4643 600 4694 hand
611 4641 646 4703 ol,
663 4640 794 4707 probably,
804 4640 848 4689 the
859 4641 926 4690 oloso
943 4638 974 4688 of
1053 4638 1063 4670 ⁴
1076 4640 1151 4688 vicem
1163 4640 1190 4690 ln
1202 4639 1259 4693 Ms.

468 4723 512 4775 the
525 4723 585 4772 leth
596 4729 709 4787 oentury.
1055 4715 1175 4768 'tedoad
1184 4719 1209 4769 in
1221 4719 1277 4771 Ms.

502 4799 675 4852 'mondum
687 4799 743 4850 MS.
1052 4795 1188 4849 “anubin
1201 4799 1256 4849 MS.
