3640 5842
460 899 525 962 404
793 911 988 960 anorsmuu
1010 910 1168 962 naalma

290 1103 446 1158 narrar.
504 1105 520 1130 “
544 1097 634 1162 Tunc
657 1098 764 1174 etiarn,
792 1098 892 1184 juxta
923 1098 1065 1164 Beatum
1081 1097 1316 1185 Augustinum,
1339 1096 1427 1162 bella
1452 1096 1501 1160 di-

460 1203 620 1264 “cuntur
650 1221 718 1265 esse
746 1199 847 1285 justa,
871 1205 905 1265 et
935 1221 1141 1286 nequaquam
1179 1205 1319 1288 peecata
1352 1204 1449 1285 prout
1482 1219 1503 1260 a

459 1301 602 1367 “doctis
635 1302 716 1366 viris
749 1302 931 1380 didicimus,
966 1324 1040 1367 cum
1074 1304 1143 1368 sint
1176 1308 1312 1392 propter
1343 1301 1501 1365 malorum

459 1411 477 1438 “
498 1401 726 1482 ¹coercionem,
741 1403 1008 1470 sublimationem
1026 1405 1197 1483 bonorum,
1214 1409 1410 1491 propterque
1426 1402 1501 1466 obe-

459 1513 475 1540 “
498 1506 657 1572 dientiam
687 1504 875 1592 reipublicae
908 1505 1136 1572 exhibendam.
1183 1505 1249 1572 Sed
1279 1527 1338 1570 nos
1368 1508 1501 1591 propter

459 1615 481 1670 “.
498 1609 557 1674 has
578 1629 702 1686 causas,
723 1614 758 1674 et
779 1607 969 1673 nullatenus
990 1619 1125 1695 propter
1148 1608 1275 1694 aliquas
1297 1606 1501 1672 voluntarias

459 1719 476 1746 “
498 1711 585 1789 alias,
607 1710 731 1776 bellurn
754 1730 812 1796 pro
834 1731 922 1775 nunc
944 1731 1147 1776 commovere
1169 1711 1393 1778 intendimus:
1422 1729 1500 1795 ergo

459 1819 476 1848 “
499 1835 574 1877 cum
595 1812 681 1878 bella
696 1811 784 1890 talia,
795 1813 896 1899 juxta
910 1817 1060 1879 auctores
1077 1812 1149 1896 jam
1165 1811 1278 1889 dictos,
1293 1813 1361 1876 sint
1378 1810 1499 1876 nedum

457 1919 474 1948 “
496 1914 595 1994 licita,
619 1915 799 2000 quinetiam
817 1914 910 2000 justa
934 1919 968 1980 et
986 1914 1139 2000 juridica,
1159 1914 1250 1999 juste
1268 1914 1419 2000 jungatis
1441 1933 1500 1978 vos

457 2023 474 2050 “
496 2016 598 2094 nobis,
635 2017 902 2102 subveniatisque
938 2017 975 2081 in
1013 2017 1239 2102 prosecutione
1275 2016 1381 2082 nostri
1415 2015 1499 2100 juris

456 2126 474 2153 “
496 2125 610 2184 contra
639 2118 786 2184 inimicos
816 2123 952 2184 nostros.
1000 2118 1119 2184 Melius
1141 2120 1228 2184 enirn
1259 2125 1310 2186 est
1340 2117 1436 2182 nobis
1465 2122 1500 2182 et

456 2227 475 2255 ‘¹
498 2221 589 2286 vobis
623 2221 659 2284 in
690 2220 775 2285 bello
808 2220 907 2284 simul
937 2221 1101 2298 commori,
1124 2243 1223 2306 quam
1256 2221 1326 2307 pati
1360 2220 1498 2284 ulterius

456 2328 474 2358 “
496 2322 604 2387 illatas
635 2323 671 2386 in
701 2343 819 2408 genere
851 2321 1000 2408 injurias,
1035 2328 1070 2388 et
1104 2323 1144 2388 de
1179 2321 1245 2387 illis
1282 2322 1393 2408 gladio
1431 2343 1498 2386 non

457 2431 475 2458 ‘⁴
497 2424 633 2489 ulcisci.”

288 2533 399 2597 Hepre
500 2524 566 2591 2Et
587 2526 651 2590 hiis
673 2527 777 2604 dietis,
800 2526 961 2592 associata
982 2526 1045 2590 sibi
1068 2548 1135 2591 nou
1157 2548 1261 2613 parva
1283 2525 1497 2591 multitudine
1561 2511 1564 2514 ¹

287 2601 401 2727 102ῗὲοζ
455 2628 566 2715 plebis,
587 2649 706 2713 equum
729 2627 884 2707 ascendit,
899 2629 1028 2714 iterque
1050 2628 1211 2715 arripiens
1233 2651 1347 2694 versus
1368 2629 1498 2694 londo·

288 2730 418 2782 moisa-
455 2730 535 2808 nias,
556 2729 636 2795 illuc
657 2729 745 2794 felici
768 2730 921 2815 auspicio,
945 2730 1069 2815 absque
1091 2729 1183 2796 obice
1205 2731 1281 2810 ullo,
1305 2737 1422 2797 octavo
1444 2731 1498 2796 die

288 2798 410 2916 {iffi}
454 2837 528 2920 post
550 2833 673 2897 bellum
696 2831 785 2918 apud
809 2831 970 2897 Sanctum
992 2832 1163 2896 Albanum
1189 2834 1404 2912 commissum,
1426 2855 1498 2920 per-

287 2929 364 2982 nere.
455 2935 555 3000 venit.
602 2935 685 2999 Illuc
706 2933 822 3020 utique
845 2934 1047 3020 perveniens,
1063 2939 1098 3000 et
1121 2935 1234 3000 urbem
1257 2935 1359 3000 libere
1380 2935 1497 3022 gratis-

454 3057 517 3122 que
538 3035 733 3124 ingrediens,
756 3036 798 3100 ab
821 3036 980 3115 omnibus,
1004 3041 1073 3100 tam
1096 3059 1116 3100 a
1139 3036 1263 3122 Majore
1286 3042 1320 3102 et
1342 3059 1362 3102 a
1384 3034 1497 3102 ³sena·

453 3137 588 3216 toribus,
611 3159 711 3223 quam
732 3138 832 3203 etiarn
848 3160 869 3202 a
883 3137 976 3218 clero,
1000 3136 1043 3204 ab
1065 3138 1219 3224 omnique
1241 3139 1378 3204 artificio
1394 3139 1497 3204 totius

453 3241 552 3320 urbis,
575 3239 802 3306 laetantissimc
833 3239 1016 3327 suscipitur,
1049 3261 1123 3305 cum
1154 3241 1363 3327 maximoque
1392 3241 1497 3306 cordis

448 3343 564 3425 jubilo,
587 3365 625 3409 ac
656 3343 777 3430 gaudio
803 3342 1029 3421 exultationis,
1052 3342 1233 3409 ducebatur
1256 3345 1299 3409 ad
1330 3343 1495 3409 Palatium

452 3443 614 3523 Praesulis,
636 3445 673 3509 in
696 3467 761 3530 quo
785 3467 842 3530 per
865 3444 934 3510 dies
960 3466 1028 3510 nou
1058 3467 1177 3531 paucos
1198 3445 1360 3532 posterius
1391 3467 1497 3511 mora-

451 3545 568 3626 batur;
591 3546 740 3631 quotidie
755 3568 829 3612 cum
848 3547 996 3633 praelatis
1010 3547 1235 3632 praesentibus,
1251 3553 1286 3612 et
1300 3548 1496 3633 proceribus,

450 3667 525 3711 cum
548 3647 685 3733 aliisque
708 3647 823 3714 solidis
845 3652 879 3714 et
902 3650 1040 3714 sensatis
1063 3649 1153 3729 viris,
1169 3649 1340 3715 consulens
1362 3654 1396 3715 et
1410 3671 1496 3715 com·

450 3749 629 3828 manicone,
653 3750 735 3835 quid
765 3751 801 3815 in
822 3750 1056 3836 promovendis
1079 3751 1147 3816 suis
1176 3751 1290 3816 arduis
1319 3751 1496 3837 assumptis

449 3852 624 3939 propositis
646 3853 761 3918 utilius
784 3859 870 3919 esset
891 3853 960 3940 ipse
983 3860 1121 3920 acturus.

283 3969 415 4023 Atwest-
494 3955 641 4022 Tandem
657 3956 861 4021 conclusione
882 3955 1005 4034 habita,
1028 3955 1174 4043 perrexit
1196 3954 1250 4020 die
1272 3960 1390 4041 quarto
1405 3977 1494 4021 men-

283 4036 494 4154 ”gffifrfflsis
517 4057 632 4124 Martii
654 4059 697 4123 ad
720 4058 883 4124 Palatium
907 4058 1042 4144 regium,
1059 4057 1204 4124 existens
1226 4057 1315 4143 apud
1334 4057 1494 4126 westmo.

281 4119 337 4235 lay,
348 4120 422 4221 aldim
448 4161 636 4239 neoterium,
651 4161 823 4247 ipsumque
839 4159 1034 4245 ingrediens,
1049 4159 1183 4224 accessit
1198 4159 1241 4224 ad
1254 4157 1353 4245 Regis
1368 4158 1492 4236 solium,

280 4237 362 4286 ΜΕ
447 4266 594 4348 tempore
617 4261 831 4327 Parliamenti
861 4259 984 4325 ibidem
1007 4267 1160 4338 erectum,
1183 4260 1219 4325 in
1248 4259 1385 4347 ipsoque
1407 4259 1495 4326 ⁴023.

281 4316 325 4353 01'0
367 4339 374 4354 .

326 4318 366 4354 n
447 4363 570 4429 sionem
601 4363 664 4428 sibi
695 4384 834 4442 sumens,
858 4363 1039 4429 declaravit
1061 4384 1170 4427 coram
1193 4363 1283 4428 omni
1304 4364 1434 4451 popolo,
1457 4363 1494 4428 in

479 4611 487 4644 ¹
500 4610 658 4662 relacionem
670 4612 696 4660 in
709 4611 765 4662 MS.
1025 4609 1197 4661 ’amatoribus
1209 4611 1235 4661 in
1246 4610 1302 4662 MS.

477 4690 640 4741 ’Edwardm
653 4691 739 4740 Comae
750 4687 872 4739 Marelioe
885 4705 944 4756 per·
1023 4693 1031 4721 ⁴
1049 4690 1186 4740 Edwurdua
1196 4689 1262 4740 sedet
1269 4691 1293 4739 ia
1302 4690 1362 4740 ato
1374 4689 1492 4754 Rae.-

443 4773 480 4836 pit
497 4769 799 4834 landinum-Marginel
817 4770 891 4832 Note,
909 4771 944 4834 by
989 4770 1112 4835 Margine]
1135 4771 1210 4831 Note,
1230 4771 1267 4836 by
1285 4769 1356 4820 Lord
1374 4769 1489 4820 william

444 4849 512 4900 Lonl
523 4848 635 4902 Willimn
646 4849 767 4899 Howsrd.
989 4849 1105 4900 Howard.
