3582 5838
484 863 656 916 tonsurus
678 861 961 914 marmeians
983 862 1162 916 snounnn.
1280 850 1345 916 203

292 1053 404 1143 ipsum
430 1052 561 1133 faciens,
588 1043 701 1120 tenuit
723 1058 765 1118 ut
786 1053 964 1141 proprium,
988 1073 1048 1140 pro
1069 1051 1265 1141 proprioque
1288 1071 1347 1139 pro
1359 1062 1429 1116 an.
1445 1069 1517 1118 uso.

293 1161 453 1245 perpetuo
470 1156 643 1243 jactitavit
664 1177 700 1222 se
721 1155 808 1222 velle
830 1159 941 1221 tenere
964 1152 1070 1220 ¹sum.

337 1257 445 1326 'Erat
467 1260 556 1325 enim
590 1259 685 1325 miles
718 1257 826 1324 multa
855 1257 1082 1324 dominatione
1112 1257 1347 1344 dotationequs
1361 1276 1417 1328 Tne

293 1362 460 1445 suffinltus,
485 1364 525 1429 de
547 1367 619 1429 tam
641 1362 774 1450 altoque
799 1365 899 1428 natus
922 1361 1087 1450 progenie,
1119 1360 1207 1446 quod
1237 1361 1346 1428 Comi·
1358 1347 1516 1477 &invidias

293 1465 411 1530 tissam
434 1466 475 1532 de
504 1464 676 1552 Salisbury
697 1463 888 1532 vendicaret
917 1463 954 1528 in
983 1462 1089 1551 gradu
1120 1463 1347 1550 propinquiori
1358 1479 1391 1530 ne
1402 1482 1517 1531 momen

293 1557 571 1656 oonsanguineam
607 1588 641 1634 se
678 1565 806 1644 habere,
844 1571 879 1631 et
916 1563 1116 1654 8pnopterea
1157 1566 1274 1631 elatior
1310 1545 1489 1664 inffinlgffi

293 1671 418 1752 mult03
441 1671 665 1757 elevatiorque
686 1670 724 1735 in
746 1691 781 1735 se
803 1667 911 1734 faetus
933 1669 1014 1735 satis
1041 1669 1110 1734 elta
1139 1669 1348 1756 praesumpsit
1359 1681 1402 1759 tna
1413 1695 1509 1744 possa-

292 1773 464 1838 interdum
480 1795 583 1862 agere,
607 1774 751 1860 satisque
773 1772 920 1859 grandia,
943 1771 1020 1837 lieet
1042 1771 1210 1858 injuriosa,
1234 1747 1469 1864 contraffiffs

292 1876 472 1962 proximos,
495 1879 669 1942 attentare.
715 1875 942 1940 Invaleseente
972 1875 1087 1960 ntique
1117 1895 1227 1940 rernm
1256 1874 1348 1954 luxu,

293 1981 364 2046 sive
386 1978 535 2060 libidine,
553 1978 726 2045 invalescit
748 1983 984 2065 eonsequenter
1005 1978 1041 2043 in
1063 1978 1251 2044 hominibus
1266 1979 1349 2044 mul-

292 2083 347 2164 tis,
370 2086 405 2148 et
433 2083 597 2170 precipue
626 2082 664 2146 in
693 2081 757 2146 hiis
787 2083 845 2168 qui
875 2081 1071 2168 superbiunt
1102 2081 1143 2147 de
1173 2081 1349 2150 nobilitate

293 2191 395 2265 ortus,
418 2189 452 2250 et
475 2185 515 2250 de
548 2184 727 2252 altitudine
758 2183 872 2271 stirpis
908 2205 986 2262 suae,
1013 2187 1084 2250 tam
1114 2185 1219 2252 fastus
1249 2207 1349 2273 quam

293 2288 444 2366 avaritia,
468 2309 568 2374 quam
591 2288 693 2354 etiam
708 2287 838 2374 singula
858 2287 944 2353 vitia
966 2286 1041 2365 alia,
1064 2309 1148 2374 qum,
1169 2287 1267 2354 rebus
1281 2311 1350 2355 non

293 2394 452 2457 eontenta
477 2389 629 2476 propriis,
655 2409 769 2476 rapere
792 2411 829 2454 ao
852 2389 954 2454 etiam
976 2389 1133 2456 invadere
1156 2390 1264 2457 solent
1286 2393 1350 2457 fre·

294 2491 452 2578 quentius
489 2490 602 2556 aliena
652 2490 801 2557 Credunt
839 2491 955 2577 utique
992 2491 1075 2557 tales
1113 2493 1277 2578 quomodo
1313 2494 1350 2558 in

294 2593 411 2659 alienis
450 2590 616 2659 ⁴hortulis
653 2593 799 2660 duleiora
835 2615 935 2680 quam
972 2593 1009 2658 in
1045 2595 1186 2682 propriis
1223 2595 1350 2661 soleant

297 2718 396 2784 poma
418 2717 636 2774 snoeresoere3
669 2702 703 2762 et
728 2700 901 2783 propterea
931 2695 1062 2762 avidius
1084 2696 1228 2784 deipsis
1250 2720 1349 2785 quam

297 2798 482 2864 coneedunt
503 2797 601 2888 leges,
624 2799 763 2886 eupiunt
785 2798 982 2886 aliquotiens
1005 2799 1185 2886 degustare.

341 2901 443 2967 Unde
472 2923 541 2967 uon
564 2901 716 2968 obstante
738 2903 827 2988 quod
853 2901 946 2966 miles
976 2902 1084 2968 dietus
1113 2924 1181 2967 non
1210 2923 1346 2989 parvam
1360 2906 1490 2959 Asifsor-

295 3008 430 3092 propter
451 3004 635 3069 manerium
657 3003 784 3069 dietum
807 3001 998 3090 patiebatur
1029 3004 1110 3070 alias
1139 3003 1267 3070 rubon's
1296 3027 1347 3070 re·
1358 2975 1506 3092 {ffilffl

294 3107 433 3193 pulsam,
474 3105 750 3193 quemadmodum
788 3105 825 3170 in
862 3103 1064 3173 ⁶antediotis
1097 3109 1202 3172 'extat
1247 3107 1480 3173 latius1³11l⁸02¹1e

295 3209 506 3288 deolamtum,
551 3205 801 3290 'nihilominus
839 3208 934 3294 quasi
975 3207 1065 3274 illius
1103 3213 1187 3275 osset
1223 3208 1348 3276 oblitus
1358 3177 1500 3307 mo?

295 3312 439 3399 penitus,
461 3316 496 3377 et
517 3311 745 3390 irrecordatus,
766 3331 888 3390 rursus,
912 3309 955 3376 ad
977 3312 1084 3378 instar
1105 3312 1203 3390 oanis,
1225 3311 1269 3379 ad
1294 3333 1347 3378 sn·
1359 3308 1402 3360 ¹1¹⁶
1413 3323 1509 3361 maner.

295 3435 353 3480 um
390 3411 580 3479 ⁷vomitum
613 3413 721 3492 rediit,
754 3434 931 3500 rursusque
966 3415 1012 3480 sio
1044 3434 1140 3480 suum
1174 3415 1350 3502 reglutivit

295 3519 457 3584 elameum
486 3517 524 3582 in
554 3515 644 3582 dieto
669 3516 825 3594 manen'o,
848 3523 882 3583 et
912 3517 1093 3596 renovavit,
1116 3523 1156 3582 ut
1180 3519 1349 3605 publicum

294 3620 478 3707 ingressum
500 3620 537 3683 in
558 3617 665 3706 ipsum
682 3619 812 3699 faoeret,
829 3617 1024 3706 publiceque
1042 3625 1170 3687 teneret
1192 3620 1290 3687 1eum
1309 3628 1349 3688 ut

295 3723 473 3810 proprium,
490 3743 528 3787 ae
551 3721 597 3786 sio
618 3721 661 3786 ad
685 3720 864 3808 tenendum
887 3721 1103 3789 sufficientem
1122 3724 1159 3789 in
1178 3724 1250 3812 lege
1265 3724 1348 3790 titu-

294 3825 366 3890 lum
389 3846 423 3889 ee
437 3824 558 3890 habere
575 3823 755 3908 jactitaret.
802 3823 848 3889 Et
873 3823 994 3890 titulus
1010 3824 1097 3908 juris
1119 3847 1185 3912 quo
1207 3827 1349 3893 finxerat

296 3949 331 3994 se
353 3926 471 4005 fulciri,
495 3931 567 3992 erat
589 3925 721 3992 talis.-

341 4025 555 4094 ⁸Fasoinavit
585 4027 761 4115 quemdam
789 4027 901 4092 virum
930 4027 1120 4115 simplicem,
1142 4029 1285 4109 sciolum,
1314 4033 1497 4111 etlifltureof

296 4130 365 4196 doli
388 4131 543 4206 nescium,
568 4129 784 4196 “Johannsm
809 4127 929 4195 Reue”
950 4135 1186 4218 nuncupatum,
1208 4100 1516 4220 feeitquefflssffiq,

296 4254 374 4299 eum
405 4233 486 4298 false
516 4233 656 4313 eredere,
683 4231 846 4318 quomodo
876 4232 1012 4320 quidam
1042 4233 1227 4300 Willelmus
1249 4233 1473 4304 Reuetheretoa

332 4528 397 4581 ¹Sio
409 4531 437 4580 in
449 4530 515 4594 MS,
527 4531 766 4583 inthemaaouline.
880 4530 1093 4584 ⁴ortuliainMS.

328 4607 456 4660 monas
468 4609 607 4674 Chartam,
618 4611 802 4662 mileu—Mar·
881 4612 890 4641 ⁵
904 4611 950 4661 See
962 4627 986 4676 p.
1001 4615 1046 4663 137
1059 4619 1123 4663 uate.

296 4689 366 4754 gina]
382 4689 458 4750 Note,
472 4691 507 4755 by
519 4689 587 4740 Iord
597 4689 711 4741 william
723 4691 803 4740 How·
882 4691 892 4722 θ
903 4688 1070 4741 nichilominus
1081 4691 1108 4742 ln
1119 4692 1176 4745 MS.

296 4771 348 4819 ard.
881 4769 891 4806 ⁷
904 4770 950 4820 See
962 4775 976 4818 2
991 4767 1062 4820 Peter
1073 4771 1099 4820 ii.
1112 4777 1152 4822 22.

328 4849 338 4877 ¹
347 4854 464 4912 proterea
476 4845 569 4899 inme.
882 4847 1165 4904 wesmannus.
