3560 5838
562 1467 563 1472 ‘
608 1472 909 1554 APPENDIX
940 1478 952 1554 (
998 1477 1025 1554 ).

687 1661 918 1674 *—

316 1805 421 1872 Lrvus
442 1819 516 1871 nnn
538 1807 802 1872 Burnmorross
826 1823 871 1874 or
893 1824 962 1872 run
984 1823 1093 1872 mnne
1116 1808 1253 1875 Annors
1275 1824 1319 1874 or

694 1909 746 1974 sr.
769 1909 926 1974 Amir’s.

415 2067 554 2119 Extrnoted
563 2068 628 2144 from
638 2069 694 2121 MS.
707 2068 809 2120 Cotton.
820 2069 888 2120 Nero
899 2069 932 2119 D.
944 2069 1007 2120 VII.
1019 2068 1075 2120 fols.
1089 2073 1211 2120 esa-esa.

339 2208 349 2247 ¹
362 2209 554 2289 Willelmus,
569 2211 682 2276 Abbas
697 2211 891 2277 Monasterii
906 2211 1005 2298 hujus
1024 2213 1209 2278 tricesimus
1225 2233 1341 2279 seeun-

294 2313 365 2391 dus,
398 2312 452 2379 vir
482 2313 548 2378 firit
580 2313 646 2378 suis
679 2313 715 2376 in
749 2312 951 2399 temporibus
988 2319 1058 2379 tam
1090 2313 1162 2379 Deo
1200 2314 1340 2381 dilectus

293 2437 393 2501 quem
422 2413 617 2496 hominibus,
648 2419 845 2502 propterque
876 2437 987 2481 causes
1017 2417 1127 2482 varias
1160 2438 1281 2483 nomen
1304 2418 1341 2482 in

293 2520 450 2603 perpetuu
471 2515 697 2583 benedictione
720 2517 807 2603 apud
830 2521 976 2604 posteros
998 2538 1074 2583 suos
1096 2517 1274 2586 habens.-

339 2618 458 2699 Primo,
474 2605 759 2706 videlicet—quia
774 2640 816 2685 ex
830 2619 988 2684 fratribus
1011 2625 1206 2708 assumptus,
1223 2626 1256 2687 et
1271 2643 1341 2708 pree

293 2718 451 2784 frutribus
472 2719 510 2784 in
531 2720 595 2785 hiis
617 2742 690 2805 quae
712 2725 791 2786 sunt
821 2720 864 2785 sd
887 2719 995 2786 Deum
1020 2721 1231 2801 constitutus,
1254 2721 1340 2787 mul·

295 2829 364 2886 tum
388 2821 523 2908 provide
537 2822 732 2909 politioeque
743 2843 776 2886 se
798 2826 938 2903 rexerat,
954 2822 1134 2888 dividendo
1150 2823 1340 2910 unicuique,

293 2923 329 2987 in
354 2929 494 3010 utroque
516 2944 575 2987 suo
590 2923 759 3009 regimine,
781 2928 881 3008 prout
904 2922 970 2988 illis
994 2944 1075 3011 opus
1098 2929 1177 2990 erat.

338 3023 619 3110 Secundo-quis
645 3029 755 3112 postor
784 3025 929 3104 effeetus,
957 3029 993 3090 et
1022 3027 1163 3110 pastoris
1187 3025 1340 3093 bsonlum

294 3125 329 3190 in
352 3147 453 3191 manu
476 3147 544 3204 sun,
562 3127 599 3190 in
621 3127 729 3214 gregis
752 3125 937 3206 tuitionem,
953 3126 1110 3208 deferens,
1133 3127 1342 3214 pastoraliter

293 3228 373 3292 satis
395 3229 489 3314 lupos
511 3227 683 3315 fugaverat
705 3250 724 3293 s
756 3227 864 3306 oeulis,
888 3250 1028 3314 ovesque
1061 3229 1235 3314 quaesierat
1265 3229 1342 3294 dili·

293 3333 410 3416 genter
431 3333 584 3407 errantes,
606 3351 643 3396 eo
663 3328 815 3394 inventas
837 3351 949 3394 rursus
964 3330 1099 3394 reduxit
1113 3330 1150 3394 in
1171 3327 1342 3397 ”humeris

293 3452 369 3496 suis.

338 3533 591 3619 Tertio‚-quin,
615 3533 745 3599 vineam
767 3534 957 3619 temporalis
979 3534 1190 3620 possessionis
1212 3535 1249 3598 in
1270 3555 1342 3600 eus·

293 3635 420 3700 todiem
451 3635 635 3721 suscipiens,
669 3641 783 3701 eontra
813 3635 929 3724 vulpes
961 3634 1035 3701 iilos
1067 3636 1123 3723 qui
1154 3658 1225 3702 enm
1255 3637 1341 3703 nite·

293 3738 417 3803 bantur
439 3736 588 3805 demoliri
609 3759 667 3824 per
689 3739 835 3824 injurios,
858 3758 917 3825 pro
950 3737 1090 3805 macerie
1112 3759 1146 3803 se
1178 3739 1342 3825 opposuit,

293 3837 498 3924 exclusitque
528 3839 602 3903 illos
632 3860 752 3918 omnes,
786 3861 823 3904 ao
856 3840 979 3906 dietum
1014 3839 1146 3905 vineam
1177 3841 1341 3906 tutissime

295 3940 486 4008 defensavit
531 3937 596 4004 ³111
619 3941 730 4026 speeie,
748 3945 862 4006 contre
877 3944 1028 4006 tenentes
1042 3941 1131 4006 villae
1152 3940 1192 4006 de
1207 3941 1341 4018 Barnet,

294 4043 361 4129 qni,
384 4042 427 4107 sd
448 4042 555 4106 instar
576 4041 726 4129 vulpium
750 4043 790 4106 de
812 4042 932 4128 quibus
954 4041 1149 4128 ⁴Scriptura
1179 4043 1341 4124 meminit,

295 4144 415 4211 enudas
437 4143 604 4209 hebebant
618 4143 736 4230 ligatas
758 4144 794 4207 in
809 4143 959 4220 invicem,
975 4143 1150 4228 ignemque
1173 4143 1242 4207 litis
1257 4143 1341 4208 mul-

294 4250 367 4311 tum
399 4247 557 4333 grandem
594 4246 814 4324 eeoenderant,
849 4245 892 4309 ad
926 4245 1176 4324 demoliendum,
1199 4245 1269 4310 sive
1298 4247 1342 4310 ed

295 4347 538 4427 destruendum,
562 4348 714 4414 servilem
744 4353 895 4412 tenuram
929 4367 1031 4423 suem,
1053 4347 1230 4413 insurrexit
1260 4346 1342 4412 sutis
1429 4359 1436 4374 '

329 4623 460 4674 ¹Willinm
471 4624 617 4689 Heyworth.
841 4619 970 4672 οεπᾰιναπι
990 4621 1054 4672 litem
1069 4629 1155 4672 eontra
1178 4621 1345 4676 domm-

328 4703 338 4736 ²
349 4705 381 4753 In
392 4702 500 4753 allusion
510 4711 537 4754 to
553 4701 621 4753 Luto
631 4719 675 4753 xv.
689 4707 711 4752 5.
841 4699 965 4766 Merginnl
976 4699 1049 4752 Note.

327 4779 472 4833 ⁸Tmenta
494 4779 557 4832 ville
580 4781 609 4831 de
631 4781 738 4832 Bnrnett
755 4797 796 4831 ue·
876 4779 993 4845 *Judye
1004 4787 1083 4832 xm.

1109 4863 1209 4927 ΓΗ
