3560 5838
456 855 521 921 452
845 867 1023 918 Irrmmx
1046 853 1061 940 (
1085 853 1109 940 ).

456 1055 621 1142 sapienter
644 1075 687 1120 ex
701 1055 860 1136 advers03
882 1053 1058 1141 docuitque
1072 1073 1135 1132 eos
1148 1073 1207 1140 per
1221 1052 1382 1118 virtatem
1402 1051 1502 1139 regia

458 1157 701 1224 commissionis
716 1157 758 1222 ad
773 1155 974 1222 audiendum
989 1160 1024 1222 et
1045 1155 1298 1234 terminandum,
1320 1154 1499 1242 potentiam

456 1259 618 1338 habentis,
633 1279 734 1345 quam
757 1257 803 1324 sit
823 1258 963 1324 stultum
975 1262 1010 1324 et
1035 1257 1154 1324 inutile
1180 1262 1296 1324 contra
1312 1256 1400 1343 juris
1417 1256 1502 1322 titu-

456 1361 533 1439 lum,
557 1361 793 1447 stimulumqne
810 1360 959 1446 justitia,
982 1359 1159 1426 calcitrare.

502 1460 763 1548 Quarto—quia
785 1461 991 1550 dispensator
1021 1460 1126 1528 faetus
1157 1461 1320 1528 bonorum
1350 1459 1500 1536 eoelesiae,

456 1583 525 1628 non
539 1564 646 1630 minus
660 1564 801 1630 fideliter
815 1587 914 1650 qnam
929 1565 1107 1653 prudenter
1121 1585 1167 1644 ea,
1182 1564 1219 1629 in
1229 1564 1332 1650 ipsius
1347 1566 1501 1629 ornatum

457 1669 491 1731 et
513 1667 752 1754 reparationem
783 1667 919 1746 variam,
941 1666 1064 1754 legdtnr
1093 1667 1293 1754 expendisse
1339 1663 1427 1730 Nam
1457 1664 1501 1728 nd

456 1772 609 1835 ornatum
643 1769 783 1837 eeclesiae
813 1769 1049 1835 vestimentum
1082 1791 1186 1834 unum
1216 1767 1394 1856 integrum,
1425 1787 1501 1833 enm

456 1861 564 1936 tribus
586 1873 704 1958 cappis,
728 1872 768 1937 de
790 1892 899 1959 penno
921 1891 1021 1937 aureo
1043 1870 1144 1937 rubeo
1165 1869 1347 1936 ialoonibus
1361 1869 1501 1946 intexto,

456 1970 524 2038 suis
545 1973 668 2058 legitur
689 1975 726 2038 in
755 1972 958 2060 temporibus
979 1972 1130 2040 effecisse.
1175 1973 1271 2054 Item,
1294 1993 1353 2038 sex
1381 1991 1501 2058 cappas

456 2071 498 2138 de
534 2095 644 2161 panno
680 2095 788 2154 aureo,
810 2074 927 2142 eoloris
957 2074 1083 2154 viridis,
1114 2073 1171 2160 qni
1197 2072 1379 2159 “pannus''
1411 2071 1501 2158 apud
1611 2093 1616 2098 ·

458 2173 662 2244 Lumbardos
692 2175 1086 2265 vooatur“impe1iaiis”
1132 2175 1228 2256 Item,
1255 2197 1361 2242 unum
1388 2179 1499 2262 pasto·

456 2277 559 2342 ralem
581 2279 744 2358 baeulum,
777 2279 970 2344 deauratum
1001 2301 1060 2366 per
1090 2283 1207 2345 totum.
1246 2278 1291 2344 Ea
1324 2279 1410 2344 eirea
1430 2277 1501 2344 haeo

455 2378 565 2445 omnia
586 2383 779 2467 expendisse
800 2380 905 2447 fertur
926 2385 1059 2447 eentum
1081 2380 1182 2446 libras
1204 2385 1239 2446 et
1260 2381 1356 2447 ultra

500 2479 595 2563 Item,
618 2485 806 2563 claustrum,
828 2505 887 2570 per
908 2483 1174 2571 praedecessorem
1204 2505 1309 2564 enum,
1333 2483 1499 2550 Abbatem

456 2582 666 2654 ¹Johannem
699 2585 871 2667 Quintum,
894 2589 1041 2673 tempora
1062 2605 1126 2670 quo
1148 2584 1244 2651 Prior
1264 2585 1381 2665 iuerat,
1404 2587 1501 2653 semi·

458 2691 635 2768 voltatum,
657 2687 800 2754 voltavit
821 2688 858 2752 in
879 2686 1058 2775 integrum,
1070 2687 1212 2774 fecitque
1233 2687 1404 2756 hincinde
1418 2710 1499 2778 opus

453 2815 522 2861 esse
543 2790 710 2859 consimile
732 2811 790 2877 per
810 2794 928 2856 totum.

499 2895 617 2973 'Item
647 2891 830 2956 manerium
859 2912 956 2956 suum
985 2890 1026 2957 de
1056 2891 1303 2980 Tytenhangre,
1331 2917 1390 2982 per
1412 2919 1499 2982 pun.

457 2998 533 3066 dem
554 2997 657 3064 etiam
678 2994 945 3082 proedeoessorem
966 3015 1063 3058 suum
1085 2994 1121 3060 in
1143 2993 1247 3061 fundo
1273 3001 1309 3062 et
1336 2998 1373 3062 in
1395 3001 1498 3066 muris

455 3098 659 3166 sollemniter
688 3096 888 3175 inchoatum,
919 3094 1017 3161 duxit
1047 3095 1191 3163 finaliter
1219 3097 1262 3163 ad
1295 3099 1500 3186 perfeetum

453 3201 596 3288 fecitque
619 3221 688 3266 esse
713 3198 894 3264 manerium
926 3197 1001 3278 tale,
1024 3198 1120 3284 quale
1149 3199 1236 3264 inira
1265 3221 1403 3289 regnum
1431 3227 1501 3273 non

453 3303 625 3371 invenitur
646 3300 825 3379 honestius,
847 3299 964 3366 saltem
985 3321 1044 3387 pro
1067 3299 1209 3367 Abbatis
1230 3301 1461 3389 hospitatione.

498 3404 619 3486 'Item
642 3424 793 3468 mansum
815 3423 875 3489 pro
898 3399 1133 3482 *scholaribus
1154 3403 1244 3490 apud
1267 3404 1420 3486 Oxonias,
1441 3433 1500 3498 per

453 3505 681 3572 immediatum
717 3504 831 3588 itaque
868 3524 965 3569 suum
1002 3503 1268 3590 praedeoeseorem
1308 3507 1498 3578 inchoatum

456 3628 514 3695 per
544 3607 643 3693 prius,
678 3626 781 3690 usque
814 3603 858 3669 ad
890 3603 1071 3692 perfeetum
1100 3605 1319 3693 perduxeram
1356 3609 1499 3701 fecitque

454 3729 523 3776 sese
559 3728 710 3772 mansum
748 3705 823 3783 tale,
861 3707 958 3793 quale
1000 3706 1089 3774 infra
1132 3713 1243 3776 totum
1287 3711 1497 3804 ‘Collegium

456 3809 679 3879 Gloweestriee
701 3830 770 3875 non
791 3808 962 3875 invenitur
984 3809 1048 3876 sibi
1069 3810 1256 3879 sollemnius
1280 3835 1353 3883 esse

500 3913 598 3994 Item,
620 3913 657 3976 in
677 3911 819 3998 hospitio
834 3933 893 3977 suo
916 3911 1005 3999 apud
1027 3913 1214 3981 Londoniss
1228 3917 1391 4003 pnrlorarn
1405 3943 1498 3988 snam

452 4016 626 4084 renovavit
648 4013 800 4082 decenter
820 4014 909 4096 satis,
932 4014 1129 4102 domumque
1150 4039 1224 4103 quoe
1245 4019 1366 4088 abinde
1387 4024 1499 4090 tendit

452 4139 555 4206 risque
578 4117 621 4183 ad
643 4139 793 4182 maneum
816 4116 969 4197 custodie,
983 4124 1202 4186 renovaverat
1218 4123 1402 4192 rotmaro
1422 4125 1497 4194 fon-

453 4219 623 4288 dementis.

486 4453 683 4506 ¹J0mr100te
1000 4451 1257 4522 Ormiosperfeetnor,
1269 4461 1497 4514 escam-rm-

485 4531 651 4583 ’Massam
660 4531 690 4581 ds
705 4529 952 4598 Iptmiaayreffiso-
995 4533 1146 4598 ginalNote

452 4611 507 4662 liter
534 4611 677 4676 persentiam,
699 4618 723 4661 et
751 4609 951 4662 cama—Mar·
1028 4610 1290 4668 staminiis.

451 4690 605 4758 ginslNote.
1029 4689 1186 4756 'Collepirar
1222 4692 1497 4752 (lamnia-Mu·

485 4768 650 4821 'Maenium
663 4785 711 4835 pro
732 4766 868 4820 molasibae
883 4768 953 4836 opaci
995 4769 1147 4840 ginalNote.
