3668 5842
484 867 549 932 246
817 877 1015 930 ancarana
1036 876 1197 930 1111111111

316 1067 617 1148 mn1⁴⁵a¹immo
647 1069 879 1136 tautummodo
904 1069 1007 1157 juxta
1038 1069 1252 1136 sobrietatem
1273 1067 1433 1147 veritatis,
1456 1065 1532 1133 sub-

370 1177 374 1184 '
478 1171 669 1260 jungendus
702 1177 754 1239 est
786 1173 839 1238 hic
864 1173 926 1238 sub
948 1172 1115 1253 brevibus,
1139 1174 1254 1262 primo,
1276 1171 1372 1238 valor
1402 1192 1531 1238 annuus

482 1275 587 1341 totius
618 1275 843 1354 relaxationis,
867 1275 908 1340 de
938 1297 1005 1362 qua
1035 1275 1077 1342 fit
1106 1275 1231 1342 mentio
1265 1273 1304 1339 in
1334 1272 1530 1360 premissi„

483 1378 633 1458 secundo
655 1379 749 1445 valor
771 1399 901 1444 annuus
922 1384 1188 1466 reeompensatus
1210 1377 1340 1444 ratione
1363 1377 1463 1442 dictae
1482 1395 1532 1440 re·

483 1480 681 1564 laxationis3
716 1480 828 1562 tertio,
862 1480 956 1547 valor
977 1503 1108 1548 annuus
1130 1479 1336 1561 memorius,
1366 1479 1532 1546 occasione

483 1581 631 1672 praelata
647 1583 881 1664 relaxationis3
902 1588 1022 1670 quarto
1044 1605 1133 1662 vero,
1148 1584 1252 1664 valor,
1272 1582 1343 1650 sive
1366 1601 1531 1660 numerus,

484 1691 620 1753 ornatus
641 1690 676 1753 et
696 1686 889 1752 utensilium
919 1685 1076 1765 omniurn,
1098 1708 1181 1774 quos
1203 1707 1367 1774 possessor
1388 1684 1451 1750 loci
1472 1704 1531 1771 pm

484 1789 781 1876 recompensatione
804 1788 931 1854 dimisit
945 1787 1049 1877 gnatis
1071 1789 1107 1854 in
1122 1790 1195 1855 loco
1209 1789 1267 1855 illo
1282 1792 1357 1875 post
1370 1807 1532 1854 recessum

484 1913 634 1960 suum.-

529 1994 631 2062 Valor
652 2013 786 2060 annuus
807 1991 936 2059 ”sotius
958 1993 1179 2072 relaxationis,
1202 1995 1239 2058 in
1260 2013 1380 2080 grosso,
1403 1990 1473 2058 xiii
1496 1989 1533 2058 lt

485 2096 554 2163 xiii.
567 2117 591 2162 s.
606 2093 692 2161 vid.

529 2199 631 2267 Valor
652 2217 782 2264 annuus
803 2198 1116 2285 recompensationis
1145 2199 1182 2265 in
1216 2197 1306 2265 dicto
1335 2202 1534 2278 tenemento,

484 2301 714 2369 tantummodo
743 2299 780 2364 in
809 2299 957 2382 cellariis,
980 2301 1129 2369 deductis
1158 2300 1312 2368 omnibus
1333 2300 1409 2366 aliis
1430 2301 1534 2368 edifi-

485 2405 551 2488 ciis,
568 2409 604 2471 et
625 2404 800 2470 reservatis
822 2425 881 2490 pro
903 2403 1125 2492 hospitatione
1147 2404 1299 2483 Abbatis,
1315 2404 1385 2472 xiii
1400 2402 1438 2470 a.
1453 2404 1497 2472 vi
1508 2426 1532 2471 s.

483 2506 552 2573 viii.
563 2505 596 2574 d.
655 2506 751 2584 Item,
787 2527 847 2593 pro
884 2506 981 2572 terris
1017 2507 1145 2574 voeatis
1180 2506 1289 2593 “Elys
1326 2505 1466 2586 Londe,’'
1498 2512 1534 2573 et

483 2607 624 2697 parcella
644 2607 734 2696 prati
756 2607 794 2672 in
816 2606 985 2674 Britwelle
1006 2609 1106 2688 More,
1130 2609 1222 2675 viis.
1237 2606 1324 2676 xid.

527 2712 628 2779 Valor
660 2730 800 2790 munus,
832 2710 998 2777 occasione
1035 2711 1131 2777 dicta
1164 2711 1438 2792 commutationis,
1475 2733 1534 2801 per

484 2812 708 2880 dimissionem
732 2811 866 2900 antiqui
888 2811 1025 2900 hospitii
1047 2815 1090 2878 ad
1112 2814 1295 2882 firmam.-

527 2917 630 2983 Valor
651 2917 688 2982 in
709 2937 822 3004 grosso
846 2915 994 2982 omnium
1016 2916 1147 2983 illorum
1169 2922 1348 2983 ornatuum
1380 2923 1415 2984 et
1436 2923 1533 2984 uten-

483 3018 595 3086 silium
626 3040 708 3106 quos
741 3017 879 3106 hospitii
911 3019 1063 3085 dominus
1095 3019 1223 3087 dimisit
1244 3021 1349 3108 gratis
1371 3021 1404 3086 in
1436 3044 1532 3088 usum

483 3122 635 3200 Abbatis,
657 3125 732 3209 post
753 3143 914 3188 recessum
934 3143 1039 3204 suum,
1057 3122 1158 3208 juxta
1179 3123 1453 3211 appretiationem
1475 3147 1532 3192 ex-

483 3228 660 3313 pertorum,
683 3247 738 3290 xrs
755 3223 791 3291 li.

527 3327 579 3392 De
601 3327 740 3414 piscaria
762 3349 851 3408 vero,
873 3327 947 3394 ideo
971 3325 1077 3393 lnihil
1106 3328 1160 3394 hic
1181 3328 1346 3409 inseritur,
1368 3329 1447 3416 quia
1473 3353 1534 3419 per

482 3427 606 3515 viginti
639 3450 742 3494 annos
774 3433 808 3494 et
840 3430 982 3516 amplius
1004 3428 1114 3495 ³th
1135 3453 1195 3519 pro
1221 3431 1315 3520 ⁴ipsa
1336 3433 1467 3520 penitus
1489 3433 1532 3500 ab

484 3530 595 3618 aliquo
618 3530 772 3597 officiario
793 3531 1019 3619 recipiebatur.
