3588 5838
363 955 369 966 ,
454 887 627 939 romarus
649 885 935 937 1111111111111
957 883 1132 934 suerrum
1270 870 1313 934 63

263 1079 282 1109 “
304 1075 409 1140 trium
431 1074 599 1156 librarum,
623 1075 734 1141 decem
758 1079 792 1140 et
814 1093 935 1140 novom
958 1071 1145 1150 solidorum,
1161 1073 1196 1136 et
1211 1069 1315 1156 quad·
1328 1085 1485 1136 11111111.

264 1185 280 1212 “
304 1179 419 1257 rantis,
445 1183 479 1243 et
501 1179 597 1254 ultra,
619 1199 654 1244 se
677 1175 858 1264 attingunt.
962 1187 967 1196 “

310 1289 329 1316 “
352 1280 435 1360 Quae
458 1281 568 1346 omnia
582 1285 618 1344 et
634 1280 765 1366 singula
780 1279 869 1344 idem
884 1278 998 1343 Abbas
1013 1281 1149 1364 paratus
1164 1283 1215 1342 est
1230 1277 1316 1342 veri·

265 1387 281 1414 “
304 1379 409 1458 fioare,
424 1385 525 1465 prout
546 1378 648 1444 Curia
663 1385 693 1445 et
710 1384 834 1444 catera.
868 1377 967 1443 Unde
981 1398 1049 1440 non
1064 1376 1212 1440 intendit
1227 1376 1315 1462 quod

265 1485 282 1511 “
306 1476 482 1562 praediatus
511 1477 535 1542 J
537 1477 683 1542 ohannes
713 1475 894 1542 Stourtone
925 1475 1087 1540 actionem
1117 1495 1317 1560 1111111111-

265 1583 283 1613 “
308 1579 431 1652 dietam
455 1600 572 1645 versus
593 1601 672 1646 eum
692 1578 822 1658 habere,
846 1599 904 1642 seu
927 1583 1141 1643 manutenere
1164 1577 1271 1652 debet,
1286 1583 1318 1641 et

266 1690 282 1716 “
306 1688 428 1749 catera
476 1683 522 1748 Et
544 1683 630 1768 petit
648 1682 820 1766 judicium,
844 1688 874 1746 et
898 1680 1040 1746 cotem?

453 1931 649 2020 Repliootio.
668 1931 899 2013 Phaedromi,
919 1931 1024 2019 probas
1046 1931 1139 2000 dieti.

312 2076 329 2102 “
351 2067 418 2134 ¹Et
440 2070 614 2156 praedictus
637 2069 807 2136 Johannes
834 2070 1003 2149 Stourton,
1028 2093 1086 2157 per
1107 2074 1317 2136 attornatum
1331 2088 1487 2154 Replicarion

266 2179 283 2206 “
306 2193 402 2237 suum
418 2173 621 2259 praedietum,
637 2173 717 2238 dicit
733 2173 821 2258 quod
845 2173 922 2259 ipse,
940 2195 999 2260 per
1021 2173 1133 2259 aliqua
1155 2195 1212 2260 per
1234 2158 1466 2274 prm-{Qum

266 2282 283 2307 “
308 2273 435 2340 dictum
457 2275 689 2340 defendentem
708 2275 859 2361 superius
874 2275 1041 2362 placitata,
1057 2275 1100 2340 ab
1114 2276 1244 2341 autione
1258 2297 1318 2340 sua
1329 2299 1356 2341 to
1367 2292 1411 2341 the

268 2383 285 2408 “
308 2377 466 2464 praedicta
480 2378 632 2444 habenda
646 2377 804 2464 praecludi
819 2399 888 2442 non
904 2377 1016 2443 debet:
1038 2379 1117 2463 quia
1132 2378 1214 2443 dicit
1229 2378 1317 2464 quod
1330 2358 1447 2476 2322ss-

268 2483 287 2513 “
310 2479 354 2543 ad
376 2479 637 2546 Parliamentum
664 2479 800 2545 Domini
832 2479 932 2566 Regis
962 2501 1050 2546 nuno
1072 2480 1264 2546 inchoatum
1284 2486 1318 2545 et

269 2588 286 2616 ‘⁸
309 2585 440 2647 tentum
463 2582 552 2670 apud
575 2582 917 2660 westmonasterium,
943 2583 1106 2662 videlieet,
1137 2588 1233 2650 sexto
1264 2583 1318 2648 die

268 2687 288 2718 “
311 2683 517 2764 Novembris,
534 2705 622 2748 anno
637 2685 732 2770 regni
755 2685 807 2749 sui
830 2684 986 2751 vicesimo
1009 2690 1135 2763 octavo,
1156 2682 1319 2752 laucari-

269 2791 288 2821 “
311 2789 380 2850 tata
396 2786 542 2872 ejusdem
558 2785 783 2863 Parliamenti,
801 2787 991 2852 ordinatum
1015 2786 1068 2864 sit,
1093 2793 1128 2852 et
1145 2791 1319 2866 statutum,

268 2895 286 2921 “
310 2887 397 2973 quod
420 2907 533 2952 omnes
561 2893 595 2952 et
619 2887 758 2974 singulm
790 2887 1019 2966 concessiones,
1050 2911 1179 2956 necnon
1209 2912 1322 2955 omnes

269 2995 287 3023 “
310 2988 531 3055 eoncessiones
554 2995 588 3054 et
609 2990 831 3057 relaxationes
853 3013 914 3078 per
935 2991 1044 3078 ipsum
1059 2991 1241 3056 Dominum
1257 2993 1322 3057 Re·

268 3097 286 3126 “
311 3113 386 3178 gem
416 3097 493 3180 post
526 3092 671 3180 primum
709 3092 797 3157 diem
836 3093 931 3179 regni
961 3093 1013 3157 sui
1046 3094 1188 3180 Angliae‚
1223 3093 1321 3160 alicui

270 3200 289 3230 “
312 3195 447 3272 Abbati,
463 3194 579 3274 Priori,
595 3194 794 3274 Conventui,
811 3201 872 3261 aut
894 3195 993 3262 alicui
1008 3195 1065 3260 alii
1081 3219 1237 3285 personae,
1253 3199 1323 3264 sive

271 3301 290 3330 “
313 3297 469 3382 personis,
487 3296 582 3364 faotae
605 3297 647 3363 de
670 3298 903 3364 exoneratione
918 3304 978 3363 aut
994 3298 1107 3384 quieta
1128 3299 1323 3366 clamatione

271 3399 497 3484 “aliquorum
527 3399 749 3466 corrodiorum
781 3401 852 3467 sive
882 3402 1031 3482 corrodii,
1055 3404 1220 3489 pensionis
1252 3404 1323 3470 sive

272 3508 290 3534 “
313 3502 518 3588 pensionum,
550 3501 751 3568 deeimarum
778 3503 1013 3590 spiritualium,
1036 3505 1090 3570 vel
1115 3506 1323 3592 quintarum-

272 3611 290 3638 “
312 3603 521 3683 decimarum,
545 3611 604 3670 aut
635 3606 834 3672 deeimarum
864 3607 1106 3695 temporalium,
1130 3609 1322 3674 reddituum

271 3713 290 3739 “
312 3711 371 3771 aut
386 3707 608 3786 servitiorum,
620 3729 678 3774 seu
692 3707 830 3774 alterius
845 3709 953 3774 oneris
969 3709 1199 3797 cujuscunque,
1209 3735 1322 3778 vaouae

272 3816 289 3841 “
311 3807 428 3886 forent,
452 3815 487 3874 et
509 3809 634 3874 nullius
657 3810 793 3877 effectus
805 3837 814 3892 ;
837 3817 873 3876 et
894 3833 955 3899 pro
978 3833 1016 3878 eo
1039 3813 1127 3899 quod
1159 3815 1323 3900 praedictae

272 3919 290 3944 “
311 3911 451 3978 Litterae
471 3911 637 3994 Potentes,
653 3933 727 3998 quae
743 3913 831 3978 dioto
846 3914 973 3979 Abbati
988 3915 1029 3980 de
1045 3916 1166 3982 Sancto
1181 3917 1322 3998 Albano,

273 4017 292 4046 “
314 4019 389 4100 post
410 4013 550 4102 primam
573 4014 662 4080 diem
684 4016 778 4102 regni
800 4015 881 4081 dieti
905 4016 1040 4082 Domini
1056 4019 1165 4105 Regis,
1189 4024 1223 4083 et
1245 4025 1323 4084 ante

274 4114 536 4181 “initiationem
563 4115 779 4182 Parliamenti
802 4118 962 4204 praedicti,
985 4124 1085 4206 prout
1115 4142 1174 4208 per
1202 4121 1323 4208 allega·

276 4224 293 4252 “
316 4217 439 4282 tionem
462 4219 614 4305 praedioti
636 4217 777 4284 Abbatis
799 4221 837 4285 in
859 4221 981 4307 placito
1005 4243 1063 4288 suo
1086 4223 1243 4309 praedicto
1266 4246 1323 4310 ap-

275 4323 293 4353 “
315 4325 418 4406 paret,
434 4319 591 4386 confectae
613 4319 756 4400 fuerunt,
779 4328 947 4408 praetextu
970 4328 1004 4388 et
1027 4324 1153 4390 virtute
1176 4325 1325 4413 praedioti

277 4425 295 4455 “
318 4421 455 4502 satuti,
478 4423 660 4489 adnullatae
690 4428 724 4489 et
754 4430 924 4490 evacuatae
960 4425 1120 4508 existunt,
1150 4429 1325 4515 pradictus

276 4530 294 4556 “
315 4523 485 4590 Johannes
517 4525 682 4591 Stourton
716 4526 801 4612 petit
832 4527 1003 4612 judicium,
1037 4529 1066 4594 si
1096 4529 1174 4616 ipse,
1196 4532 1328 4599 ratione

311 4745 732 4810 ι1111111111]11111111111111111ὴ
750 4757 777 4799 ιο
859 4749 1115 4805 211111111111111118.

277 4829 309 4878 be
320 4826 433 4892 supplied
443 4827 471 4878 iu
485 4826 659 4880 illuminatior.
