3640 5842
465 920 531 986 362
797 933 994 984 uusismuu
1016 931 1172 982 semma

297 1141 365 1194 Am.
379 1146 452 1192 uso.
466 1132 482 1159 “
504 1124 569 1203 tiis,
584 1124 707 1210 absque
728 1125 794 1191 fine
817 1092 874 1190 seu
895 1123 989 1190 feodo
1012 1123 1055 1189 ad
1077 1144 1158 1210 opus
1180 1128 1329 1189 nostrum
1344 1121 1509 1208 (apiendo,

464 1233 560 1292 “seu
590 1227 755 1305 solvendo,
787 1227 828 1293 de
865 1227 1013 1314 praefatis
1049 1225 1202 1292 Johanne
1240 1226 1336 1306 Eure,
1374 1224 1509 1300 Thomu,

464 1336 482 1363 “
503 1329 528 1394 J
529 1329 658 1396 ohanne
681 1329 836 1407 Beaufisz,
851 1333 886 1395 et
909 1329 1065 1406 Waltero,
1087 1329 1238 1415 recipere,
1253 1333 1288 1394 et
1301 1327 1416 1393 eadem
1440 1348 1509 1390 ma-

464 1439 481 1467 “
503 1431 602 1513 neria,
613 1431 709 1512 totta,
721 1432 896 1518 mesuagia,
909 1437 943 1497 et
952 1431 1134 1518 curtilagia,
1142 1437 1272 1508 terram,
1282 1434 1425 1517 pratum,
1436 1427 1509 1494 bos-

465 1540 482 1568 “
505 1555 587 1612 eum,
610 1537 645 1600 et
666 1533 839 1613 redditum,
855 1555 930 1600 oum
948 1533 1166 1621 pertinentiis,
1181 1538 1257 1620 post
1271 1537 1412 1598 mortem
1428 1553 1510 1619 pne-

464 1645 482 1670 “
505 1636 666 1702 dictorum
690 1635 857 1723 Radulphi
871 1642 906 1702 et
920 1635 1134 1714 Elizabethae,
1156 1640 1276 1714 tenere,
1295 1635 1424 1722 possint
1445 1634 1509 1700 sibi

465 1747 485 1775 “
506 1744 541 1804 et
563 1739 798 1804 sumessoribus
820 1739 887 1804 suis
909 1737 970 1802 ¹in
992 1745 1195 1828 perpetuum,
1211 1739 1296 1804 sieut
1317 1737 1510 1826 praedietum

464 1849 481 1878 “
503 1847 561 1910 est.
605 1843 730 1906 Tenore
759 1841 972 1928 praesentium
983 1840 1146 1906 *similiter
1166 1841 1332 1907 lieentiam
1359 1838 1511 1906 dedimus

465 1953 481 1980 “
504 1944 683 2032 specialem,
700 1943 835 2009 Statuto
858 1943 899 2008 de
921 1943 1018 2009 terris
1040 1947 1075 2008 et
1097 1942 1295 2008 tenementis
1317 1941 1359 2006 ad
1375 1963 1510 2006 manum

464 2054 482 2082 “
504 2051 667 2113 mortuam
689 2066 755 2111 non
778 2045 938 2132 ponendis
958 2045 1059 2126 edito,
1074 2049 1135 2110 aut
1150 2044 1260 2130 aliquo
1282 2044 1349 2110 alio
1364 2045 1510 2124 Statuto,

464 2155 481 2184 “
503 2152 588 2226 aetu,
611 2149 680 2213 sive
702 2147 916 2226 ordinatione,
939 2147 976 2211 in
998 2146 1199 2213 eontrarium
1222 2146 1325 2227 fantis,
1342 2147 1511 2226 ordinatis,

466 2257 483 2285 “
505 2273 562 2316 seu
584 2249 757 2338 2pr0visis,
778 2271 846 2315 non
868 2251 1029 2316 obstante.
1075 2250 1165 2315 Dum
1187 2254 1308 2328 tamen,
1323 2271 1381 2335 per
1401 2248 1511 2335 inqui-

465 2362 482 2387 “
504 2353 639 2418 sitiones
661 2351 739 2417 inde
762 2352 873 2418 debite
895 2352 1077 2439 eapiendas,
1101 2357 1135 2418 et
1157 2353 1194 2417 in
1212 2351 1415 2418 cancellaria
1437 2373 1512 2416 nos-

466 2462 484 2492 “
506 2459 568 2537 tre,
591 2455 645 2520 vel
673 2453 843 2521 haeredum
865 2459 1060 2536 nostrorum,
1084 2455 1148 2520 rite
1178 2455 1403 2533 retornandas,
1425 2475 1512 2522 eom·

465 2565 483 2593 “
505 2562 635 2644 partum
658 2557 702 2622 sit
723 2557 812 2644 quod
838 2557 874 2623 id
902 2557 975 2622 fieri
1004 2557 1107 2644 possit
1135 2557 1260 2643 absque
1282 2554 1425 2623 ³damno
1454 2579 1511 2622 seu

465 2665 482 2694 “
504 2658 695 2748 praejudicio
720 2661 835 2738 nostri,
857 2660 913 2725 vel
934 2660 1102 2726 haeredum
1131 2665 1328 2738 nostrorum,
1351 2663 1411 2724 aut
1433 2657 1513 2723 alio-

466 2769 483 2797 “
505 2783 579 2828 rum
610 2782 886 2847 quorumcunque.
934 2761 977 2826 In
1009 2760 1102 2846 cujus
1124 2761 1173 2827 rei
1195 2761 1429 2839 testimonium,
1452 2761 1511 2826 has

465 2873 483 2899 ‘¹
506 2864 651 2929 Litteras
666 2869 795 2930 nostras
811 2864 883 2930 fieri
896 2863 1033 2929 fecimus
1050 2864 1215 2930 Patentes.
1261 2865 1357 2930 Teste
1379 2864 1512 2950 meipso,

466 2972 484 3002 “
507 2966 596 3053 apud
619 2953 957 3045 westmonasterium,
979 2966 1134 3033 vicesimo
1164 2967 1282 3052 quinto
1312 2967 1365 3031 die
1389 2966 1512 3042 Martii,

466 3075 487 3106 “
507 3091 596 3136 unno
617 3069 710 3156 regni
732 3069 839 3134 nostri
860 3069 1024 3134 tricesimo
1047 3067 1192 3134 octavo?

513 3170 576 3236 Per
592 3173 701 3259 ipsum
720 3171 853 3258 Regem,
871 3176 906 3237 et
928 3170 969 3236 de
991 3171 1149 3258 praedicta
1170 3171 1367 3238 auctoritate
1390 3170 1514 3236 Paulia-

467 3275 579 3341 menti.

467 3567 568 3634 Breve
600 3565 734 3652 raum
769 3565 933 3634 Willelmo
964 3563 1095 3644 Μία,
1125 3563 1315 3651 Amnopeuo,
1347 3563 1515 3632 asomum·

556 3669 599 3736 iu
615 3669 785 3736 Comitutu
799 3667 1015 3754 Hertfoudo'oe,
1031 3667 1205 3746 da'sreotwu,
1221 3667 1255 3734 si
1275 3667 1322 3734 nu
1336 3667 1383 3733 ud
1402 3667 1514 3734 *duot-

557 3793 654 3850 amn,
684 3770 752 3837 aive
785 3771 1045 3858 prejudicium,
1076 3769 1190 3858 ipatus
1226 3769 1373 3836 Domini
1403 3769 1516 3857 Rapis,

555 3896 614 3940 seu
636 3873 788 3952 alama,
811 3873 886 3940 luet
919 3872 1018 3939 detur
1050 3872 1191 3940 lieentia
1220 3873 1272 3940 nd
1308 3873 1515 3940 mnmttzau

557 3977 644 4044 dum
665 3976 875 4058 munerum,
898 3975 939 4042 de
961 3997 1028 4062 quo
1041 3975 1088 4062 fit
1109 3975 1236 4042 nuntio
1257 3975 1301 4041 a‘u
1321 3975 1515 4062 premissis

300 4169 404 4223 Writto
514 4157 531 4186 ‘¹
553 4149 749 4230 ⁶Henrieus,
767 4149 830 4215 Dei
853 4149 971 4237 gratia,
998 4149 1072 4215 Rex
1098 4148 1228 4236 Angliae
1252 4154 1288 4215 et
1313 4148 1468 4230 Freneiae,
1485 4154 1519 4216 et

299 4235 449 4365 *fficlfflg
469 4259 488 4292 “
510 4255 673 4320 Dominus
690 4251 870 4331 Hiberniae,
885 4251 1052 4318 Eseuetori
1078 4247 1137 4318 su'o
1161 4253 1198 4317 in
1222 4251 1391 4318 comitatu
1417 4251 1517 4318 Hert-

301 4368 428 4448 enjoining
469 4366 487 4392 “
509 4357 631 4434 sordine,
661 4355 806 4422 salutem.
863 4355 1074 4442 Pneeipimus
1104 4355 1177 4433 tibi,
1207 4355 1296 4440 quod
1324 4377 1383 4442 per
1414 4375 1518 4420 saera·

301 4439 427 4553 ffiffh·
470 4464 659 4525 “mentum
688 4457 843 4546 ligiorum
872 4457 1058 4544 proborum,
1082 4463 1116 4524 et
1146 4457 1316 4522 hominum
1342 4456 1383 4523 de
1406 4456 1518 4522 baliva

503 4697 512 4729 ¹
524 4697 698 4761 imperpetuum
709 4695 735 4744 in
746 4695 803 4745 MS.
1051 4696 1060 4725 ¹
1072 4693 1200 4760 dampnum
1212 4694 1238 4743 in
1250 4693 1306 4744 MS.

503 4773 513 4806 ²
520 4777 621 4840 provisu
631 4774 658 4824 in
670 4775 727 4826 MS.
1051 4774 1061 4804 ⁵
1073 4774 1127 4824 The
1135 4775 1189 4823 first
1200 4774 1273 4824 letter
1284 4773 1305 4824 is
1316 4771 1434 4834 omitted3
1450 4779 1476 4824 to
1487 4773 1519 4824 be

502 4853 512 4886 ³
523 4853 626 4918 daupu·
637 4852 662 4903 in
674 4852 732 4906 MS.
1019 4852 1130 4917 supplied
1139 4851 1167 4902 in
1179 4851 1351 4904 illuminatos.
