3582 5838
485 889 657 940 ronmrrs
679 887 962 937 urrernmrsrnnr
984 887 1160 938 sncurnn.
1273 871 1335 936 221

295 1077 535 1143 “dominatur
590 1075 710 1163 Igitur,
739 1076 866 1154 fratres,
900 1075 1017 1152 adhuc,
1048 1079 1087 1140 ut
1124 1074 1223 1162 prius,
1263 1071 1342 1137 dum
1355 1071 1421 1123 ΑΒ·
1436 1078 1508 1124 ¹⁴⁵6·

294 1188 312 1214 “
334 1182 439 1246 instat
461 1185 567 1260 aestas,
584 1200 622 1244 ac
644 1179 744 1244 etiam
760 1183 856 1266 grata
870 1176 1137 1265 recompensandi
1159 1174 1342 1262 temperior,

294 1289 312 1319 “
334 1304 409 1348 oum
438 1282 575 1348 formica
604 1286 719 1348 contra
751 1281 824 1367 jam
855 1282 945 1348 dicta
973 1280 1118 1368 pericula
1146 1279 1343 1345 laboremus.

294 1392 314 1418 “
337 1385 447 1452 Grave
469 1385 535 1451 erit
556 1382 617 1450 ¹in
640 1389 815 1471 posterum,
838 1389 873 1450 et
895 1382 1068 1450 taediosum
1090 1382 1195 1460 valde,
1221 1380 1344 1469 pluries

295 1495 313 1522 “
335 1487 431 1553 flexis
452 1487 592 1575 genibus
620 1492 731 1572 petere
752 1485 891 1574 propria,
916 1485 974 1552 sed
995 1486 1119 1551 frustra
1150 1505 1285 1572 semper,
1308 1486 1343 1548 et

295 1589 458 1677 “absque
487 1589 698 1675 expeditione
727 1588 817 1655 ulla:
840 1588 976 1676 gravius
997 1609 1084 1667 vero,
1108 1591 1143 1652 et
1168 1586 1343 1653 taediosum

296 1699 313 1728 “
335 1692 449 1779 magis,
478 1691 528 1756 nil
557 1691 648 1757 aliud
677 1691 827 1778 recipere,
857 1711 917 1778 pro
946 1690 1091 1777 pecuniis
1121 1687 1250 1767 debitis,
1280 1687 1345 1753 nisi

294 1802 312 1828 “
334 1794 390 1859 vel
407 1794 529 1882 jurgia,
544 1795 599 1860 vel
621 1794 766 1871 verbera,
780 1791 836 1859 vel
857 1792 1135 1859 comminationes
1175 1792 1345 1878 Imperant

294 1904 312 1929 “
335 1895 459 1982 utique,
489 1902 528 1962 ut
556 1897 594 1961 in
632 1895 756 1982 majori,
787 1917 900 1962 omnes
940 1896 1032 1974 tales,
1063 1893 1344 1982 quemadmodum

293 1999 490 2063 “scribitur
519 1999 556 2064 in
585 1995 703 2064 2Ιεειὶιι.
732 1998 904 2085 Propheta,
935 2020 1010 2064 oum
1047 1999 1250 2078 austeritate,
1282 1995 1343 2061 hoc

293 2107 310 2134 “
334 2105 392 2179 est,
416 2105 451 2166 et
473 2100 632 2187 potentia,
655 2098 827 2187 ³nihilque
853 2100 943 2166 aliud
973 2101 1144 2168 interdum
1168 2099 1339 2166 invonitur

293 2209 312 2237 ‘⁴
336 2203 372 2268 in
402 2203 555 2270 domibus
594 2222 715 2284 eorum,
744 2203 809 2268 nisi
848 2202 903 2268 vel
938 2203 1092 2291 spolium,
1123 2203 1179 2270 vel
1217 2202 1341 2289 rapina.

295 2313 313 2340 “
337 2305 448 2391 igitur
469 2305 511 2372 de
532 2326 677 2394 congruo
699 2304 844 2372 remedio
866 2306 1128 2392 provideamrn.”

340 2408 482 2485 Fratres,
498 2430 593 2474 aures
610 2406 854 2474 4rarroommodns
877 2407 942 2472 hiis
961 2407 1013 2473 sui
1029 2408 1212 2496 Superioris
1233 2407 1411 2474 verbisne
1427 2419 1513 2472 bau-

294 2509 502 2590 inclinantes,
532 2511 772 2598 responderunt
811 2512 843 2576 ei
879 2511 1010 2590 iterum,
1050 2511 1097 2578 sic
1131 2511 1276 2578 dicentes
1289 2535 1344 2576 :-
1355 2489 1514 2607 ζζξῗξζξξ*

297 2620 315 2646 “
338 2613 445 2693 Pater,
476 2633 536 2678 vos
557 2613 632 2699 plus
653 2611 813 2699 profunde
835 2613 931 2679 nobis
960 2614 997 2678 in
1031 2613 1093 2680 hac
1122 2615 1263 2680 materia
1292 2635 1342 2678 aa·
1356 2621 1497 2672 vitlaetin

297 2722 315 2748 ‘⁸
337 2715 436 2800 pitis;
469 2736 529 2781 vos
562 2716 637 2802 plus
657 2719 786 2780 sensate
815 2715 922 2803 ipsam
956 2716 1162 2803 intelligitis3
1205 2739 1265 2782 vos
1303 2690 1498 2820 dessssonffi

297 2824 316 2850 ‘¹
337 2817 459 2883 suturis
488 2817 640 2905 periculis
677 2818 858 2904 prudenter
886 2819 1085 2906 politioeque
1119 2819 1223 2906 magis
1262 2822 1434 2906 pree-tob,ifl
1448 2821 1498 2870 uir-

297 2919 517 3007 “concipitis
563 2919 708 2985 Fecistis
730 2941 807 3007 ergo
830 2921 1107 3006 quemadmodum
1129 2920 1225 2986 vobis
1254 2895 1460 2986 vide-⁰³³⁰n'

298 3029 316 3055 ‘¹
338 3021 430 3088 bitur
451 3023 521 3088 fore
543 3021 648 3108 magis
670 3023 857 3108 expediens,
888 3026 923 3088 et
952 3044 1013 3090 nos
1045 3027 1203 3110 prompto
1237 3023 1346 3088 animo

299 3131 317 3156 “
339 3125 375 3190 in
390 3125 544 3190 omnibus
566 3123 857 3192 “consentiemusfl

343 3225 493 3293 Audiens
522 3232 634 3294 autem
668 3226 776 3294 dictus
811 3226 964 3293 dominus
987 3226 1161 3294 ‘Abbatcm
1192 3227 1346 3294 habuisse
1359 3239 1414 3292 The
1433 3253 1518 3291 owner

301 3350 373 3394 cum
397 3329 466 3395 suis
487 3328 646 3396 iratribus
679 3351 776 3417 super
809 3329 979 3397 excambio
1011 3329 1203 3418 particulari
1236 3331 1346 3403 fiendo
1359 3307 1517 3425 3ξὲξῇ

300 3452 472 3498 commune
502 3431 706 3519 colloquium,
737 3432 913 3518 taliterque
943 3454 1110 3520 perorasse
1139 3433 1176 3500 in
1206 3456 1346 3521 praesen-
1359 3391 1506 3520 trondem

301 3534 350 3598 tia
371 3535 527 3620 ipsorum,
549 3541 588 3601 ut
610 3535 660 3600 illi
691 3557 802 3601 omnes
831 3536 868 3601 in
897 3535 1007 3623 ipsum
1042 3535 1346 3616 condescenderent,
1359 3506 1500 3625 ffiffoffl

300 3637 472 3724 paratique
494 3641 622 3703 starent
644 3637 688 3703 ad
710 3637 953 3725 sigillationem,
978 3638 1156 3705 dummodo
1178 3639 1222 3705 ad
1243 3661 1346 3706 annos
1358 3608 1507 3691 'emto'

301 3759 414 3804 ornnes
435 3739 599 3826 profectus
620 3739 706 3806 foret
727 3740 938 3826 aequivalens,
965 3740 1205 3828 evidentiusque
1227 3764 1287 3828 pro
1309 3743 1348 3807 il·
1360 3707 1507 3758 ‘mm

300 3839 408 3906 lorum
430 3849 524 3929 parte
545 3841 671 3920 fiendae,
695 3842 805 3921 solide,
821 3841 944 3929 sapide,
962 3843 1205 3931 ingenioseque,
1221 3846 1350 3932 excogi-

301 3943 367 4008 tari
400 3942 566 4023 deberent,
597 3944 720 4010 direxit
758 3945 801 4010 ad
832 3943 998 4012 Abbatem
1031 3945 1205 4031 quemdam
1242 3946 1351 4012 virum

302 4044 456 4125 nobilem,
479 4046 520 4112 de
543 4046 694 4132 claraque
716 4047 880 4135 progenie,
905 4047 1106 4114 deferentem
1127 4068 1238 4113 secum
1260 4048 1352 4114 litte-

303 4169 374 4214 ram
390 4149 427 4213 in
442 4147 572 4236 vulgari
595 4148 727 4231 editam,
752 4149 844 4234 cujus
866 4151 1033 4217 sententia
1053 4149 1109 4216 hio
1130 4149 1349 4236 subsequitur,

302 4251 365 4316 sub
387 4251 504 4318 horum
527 4251 702 4318 verborum
724 4257 891 4320 tenore.—

338 4551 551 4622 ¹ioposrerenin
561 4555 619 4610 MS.
884 4555 1028 4622 ³m'clilque
1038 4557 1066 4608 in
1078 4557 1133 4610 MS.

338 4633 349 4666 ²
360 4633 478 4686 Allucion
487 4635 510 4686 is
520 4636 644 4702 probably
652 4634 724 4687 made
732 4643 759 4687 to
767 4635 809 4687 the
884 4637 895 4668 ⁴
906 4637 1048 4687 mornadas
1059 4637 1085 4687 in
1097 4637 1152 4690 MS.

307 4711 389 4765 Third
399 4715 509 4780 Chapter
520 4715 551 4767 os
557 4715 652 4778 hom,
661 4717 762 4782 passim
884 4716 895 4748 ⁶
906 4718 1079 4767 maneam
1090 4716 1118 4766 in
1130 4715 1187 4768 MS.
