3588 5838
436 859 501 922 120
768 871 969 930 missuum
992 873 1149 926 sumum

264 1067 418 1118 Adi-1⁴⁵³·
480 1061 609 1128 Voeene
637 1061 743 1149 igitur
777 1061 820 1128 ad
849 1081 943 1126 suam
978 1059 1188 1148 praesentiam
1226 1060 1352 1128 dictum
1391 1082 1486 1126 snum

265 1157 306 1208 Hc
317 1171 382 1238 ²9¹⁵
436 1163 637 1232 Officiarium
650 1163 852 1242 Generalem,
871 1163 930 1249 qni
945 1183 1012 1227 non
1027 1161 1188 1230 modicam
1203 1169 1332 1250 partem
1347 1163 1389 1230 dc
1403 1184 1485 1250 prse-

265 1229 415 1343 fflffiiiu
435 1267 505 1333 fata
528 1266 668 1354 pecunia
693 1265 864 1332 dicebatur
888 1265 1009 1333 habere
1036 1265 1073 1331 in
1095 1265 1230 1355 privetu
1251 1264 1485 1346 custodimus,

265 1358 412 1410 omnmo
435 1369 591 1456 quaesivit
618 1368 661 1434 ab
690 1369 772 1456 ipso,
797 1367 907 1434 sobrio
934 1367 1042 1448 vultu,
1069 1371 1104 1434 et
1133 1368 1214 1434 satis
1244 1367 1403 1450 modesto,
1426 1368 1485 1434 ubi

264 1425 414 1555 Sim?
433 1493 510 1558 pars
539 1471 597 1536 illa
626 1469 774 1558 pecuniae
802 1470 919 1550 fuerat,
950 1491 1025 1557 quae
1054 1491 1114 1558 per
1142 1491 1240 1538 suum
1262 1469 1480 1558 Superiorem,

265 1555 532 1674 ffifflwjuxtu
561 1573 705 1660 ejusdcm
735 1573 774 1638 in
809 1594 869 1639 sua
904 1578 1010 1640 morte
1047 1573 1228 1652 recordum,
1257 1573 1348 1660 apud
1376 1573 1485 1662 ipsum

264 1691 397 1740 naemu
433 1675 583 1763 deposita
604 1679 683 1742 erat
742 1705 745 1720 ·
784 1694 789 1750 ζ

264 1756 420 1874 fflffi
480 1776 546 1859 Qui
568 1777 769 1866 respondeus
791 1776 904 1864 inquit
914 1784 986 1858 ;—“
998 1777 1105 1856 Pater,
1121 1776 1277 1865 pecunias
1296 1798 1351 1843 ees
1365 1797 1485 1855 omnes,

265 1887 453 1965 mom&
475 1901 557 1966 quas
583 1880 624 1947 de
650 1877 855 1966 depositione
878 1879 944 1945 mei
964 1878 1147 1966 Superioris
1170 1879 1208 1945 iu
1237 1901 1311 1946 mea
1334 1879 1486 1946 custodia

263 1980 373 2032 dm
435 1989 453 2018 “
475 1981 587 2060 habui,
622 1982 737 2049 stetim
766 1987 842 2068 post
870 2003 966 2048 suum
993 1983 1170 2060 decessum,
1202 1987 1349 2069 tempore
1386 2002 1485 2048 vuca-

263 2047 348 2178 iffi
350 2047 420 2178 {13⁸⁸
435 2093 452 2122 “
475 2084 584 2162 tionis,
607 2083 751 2152 Domino
777 2083 882 2150 Priori
907 2083 1003 2170 plene
1029 2089 1064 2150 et
1090 2084 1221 2172 integre
1246 2083 1395 2164 liberavi,
1425 2105 1485 2151 nee

262 2179 344 2258 ‘⁰3¹³‘
435 2187 613 2255 “ulterius
638 2187 754 2268 habeo,
780 2192 1013 2286 suttunqucm
1041 2186 1144 2253 habui
1176 2185 1331 2275 deipsis.
1377 2186 1484 2254 Testis

263 2245 421 2364 firmi„
436 2297 453 2326 “
476 2290 522 2356 sit
548 2289 653 2356 ¹mihi
680 2290 780 2372 Deus,
806 2289 909 2382 testis
926 2289 1128 2358 conscientia
1153 2291 1292 2377 propris,
1319 2294 1483 2376 testesque

263 2377 411 2496 ffinm'
434 2399 452 2428 “
475 2393 591 2460 Sancti
621 2415 733 2460 omnes
760 2393 818 2479 qui
844 2393 985 2459 suntin
1011 2392 1111 2460 coelis.
1174 2393 1221 2459 Et
1249 2393 1278 2458 si
1307 2391 1373 2458 hiis
1403 2393 1483 2458 meis

432 2502 451 2530 “
472 2492 569 2561 dictis
595 2516 664 2560 non
689 2494 794 2561 vultis
815 2494 911 2582 plene
935 2495 1073 2573 eredere,
1088 2495 1190 2561 offero
1216 2515 1269 2560 mo
1291 2499 1373 2562 tunc
1390 2493 1482 2580 jura-

433 2602 450 2632 “
473 2601 585 2662 turum
621 2618 718 2684 super
755 2617 883 2662 socrum
914 2594 1039 2663 Christi
1070 2595 1300 2684 Evangelium,
1328 2617 1367 2662 ac
1398 2596 1483 2662 ulte·

432 2707 449 2734 “
472 2699 542 2765 rius
556 2699 690 2766 detrudi
703 2699 738 2765 in
751 2697 951 2787 ,carceribus
966 2699 1005 2778 si,
1026 2699 1145 2786 quovis
1166 2699 1277 2764 medio
1292 2699 1394 2778 licito,
1408 2721 1482 2765 ves·

430 2811 449 2837 “
471 2809 524 2868 trs
550 2802 674 2890 poterit
704 2802 887 2890 paternitas
909 2801 967 2866 'in
997 2806 1165 2890 posterum
1194 2807 1341 2889 tempore
1370 2801 1482 2888 aliquo

430 2909 448 2940 “
470 2905 671 2971 contrarium
695 2905 852 2972 invenire.
897 2904 1019 2970 Fateor
1044 2903 1171 2986 meiius,
1189 2904 1410 2991 confiteorque
1424 2925 1481 2970 ex·

429 3017 446 3044 ‘¹
468 3007 617 3096 pressius,
648 3007 855 3094 Superiorem
881 3012 1042 3088 nostrum,
1067 3027 1174 3096 nuper
1196 3012 1374 3084 mortuum,
1399 3007 1481 3073 talia

428 3117 447 3147 “
468 3110 621 3177 habuisse
641 3109 753 3191 verba,
774 3109 1052 3197 quemadmodum
1076 3131 1097 3174 a
1122 3109 1280 3175 fratribus
1294 3108 1480 3190 audivistis,

430 3220 449 3248 “
470 3212 507 3278 in
528 3219 634 3278 morte
655 3233 722 3278 sua
769 3211 835 3278 Sed
855 3212 945 3276 ultro
966 3211 1001 3278 id
1026 3211 1115 3298 quod
1135 3211 1270 3277 Priora
1287 3233 1339 3278 me
1353 3209 1480 3292 habuit,

431 3323 446 3350 “
469 3335 529 3380 neo
553 3313 668 3392 huben,
689 3335 749 3380 nec
773 3313 884 3393 habui,
910 3335 971 3380 neo
995 3312 1062 3380 scio
1088 3313 1163 3400 quis
1187 3311 1297 3392 habet,
1318 3314 1405 3380 sicut
1426 3336 1479 3380 me

428 3415 604 3500 “adjuvet
630 3414 730 3494 Deus,
748 3436 997 3501 succurrereque
1022 3415 1139 3481 inille
1162 3415 1283 3482 habeat
1309 3415 1392 3482 hora
1413 3437 1480 3503 qua

428 3516 575 3583 “omnis
604 3517 716 3582 anima
746 3516 836 3582 illius
864 3517 991 3584 anxilio
1020 3516 1194 3604 indigebit.
1241 3517 1343 3606 Rogo,
1366 3517 1479 3606 igitur,

427 3627 447 3656 “
467 3622 570 3708 pater,
592 3624 627 3686 et
653 3619 778 3696 invoco,
805 3619 969 3705 quatinus,
995 3619 1184 3686 omnimoda
1209 3641 1230 3686 a
1255 3621 1352 3686 corde
1368 3627 1479 3688 vestra

427 3719 598 3787 “sublata
628 3721 812 3809 suspicione
841 3721 986 3800 sinistra,
1015 3721 1165 3788 habeatis
1194 3742 1248 3788 ms
1277 3722 1412 3809 penitus
1441 3724 1477 3789 in

426 3831 444 3858 “
466 3821 528 3889 huc
550 3823 689 3890 materia
710 3845 769 3912 pro
791 3823 975 3890 excusato?

259 3917 314 3970 ‘rte
325 3919 412 3973 ΑΒΜ
472 3925 594 4004 Abbue,
609 3925 746 3992 fratrem
760 3925 1010 4012 respondentem
1030 3924 1076 3990 sic
1091 3924 1237 4004 audiens,
1253 3929 1370 3992 utnon
1386 3947 1477 4015 mug-

257 4001 376 4113 iim.
427 4050 505 4094 nam
528 4027 729 4094 credentiam
743 4026 853 4093 verbis
868 4026 939 4113 ejus
953 4026 1155 4115 impendens,
1170 4027 1348 4115 replicabat
1363 4035 1477 4096 contra

256 4117 512 4239 ffiffieum,
536 4129 586 4196 ita
609 4129 722 4196 dicens
735 4129 943 4208 2-“Frater,
969 4151 1076 4208 nemo,
1104 4129 1161 4217 qui
1189 4151 1232 4195 ex
1247 4129 1320 4196 Deo
1334 4135 1394 4209 est,
1409 4153 1476 4199 cre-

257 4250 354 4304 believe
365 4254 404 4305 nn
428 4241 447 4270 “
469 4233 545 4300 dere
563 4237 671 4320 potest
692 4231 780 4318 quod
802 4231 958 4320 Superior
977 4235 1065 4302 tuus.
1081 4232 1117 4296 in
1136 4233 1293 4298 extremis
1307 4232 1476 4321 languens,

257 4325 333 4384 ⁸⁸⁰¹!-
427 4341 447 4372 “
469 4335 575 4402 dicere
601 4356 661 4421 pro
688 4340 768 4400 tuuc
787 4333 897 4400 voluit
920 4333 1017 4400 aliter
1037 4355 1136 4422 quam
1150 4334 1275 4400 veritas
1289 4356 1324 4401 se
1345 4333 1476 4418 habuit,

427 4444 446 4474 “
468 4441 529 4502 aut
557 4436 654 4502 fateri
684 4456 719 4501 se
748 4435 868 4502 habere
897 4441 1011 4502 tantus
1042 4435 1202 4523 pecunias,
1229 4436 1258 4501 si
1288 4457 1343 4504 eas
1367 4438 1475 4504 nulla-

426 4547 445 4576 “
467 4545 564 4605 tenus
588 4537 766 4606 habuisset.
812 4536 906 4604 Tunc
928 4538 1026 4617 enim,
1040 4538 1095 4603 vel
1110 4559 1289 4624 nunquam,
1313 4539 1471 4608 decuisset

822 4705 836 4710 -
864 4705 972 4712 —-.—
1335 4706 1472 4716 ——,

457 4806 463 4837 ¹
477 4803 549 4854 michi
560 4804 586 4853 in
599 4805 655 4855 tis.
940 4805 945 4870 ξ
996 4803 1168 4868 imposterum
1180 4804 1206 4854 in
1218 4805 1274 4856 MS.
