3588 5838
449 855 492 928 76
778 871 980 922 nmssrauu
1002 868 1161 920 Annam

276 1116 343 1169 Al).
357 1121 428 1170 1⁴52.
684 1093 810 1161 Potitio
831 1091 1011 1161 Atros-nati
1028 1093 1133 1179 pctus
1155 1091 1251 1160 dicti.

277 1271 430 1350 Pnyefof.
493 1251 560 1318 ¹Et
581 1251 758 1340 pradictus
779 1250 948 1318 Johannes
970 1251 1140 1338 Vampage
1163 1248 1253 1328 dicit,
1276 1270 1320 1316 ex
1342 1272 1408 1337 quo
1430 1250 1500 1339 ipse

276 1338 423 1472 ἓξὲξ·
447 1352 661 1523 sullicicnltepe
679 1353 851 1519 paterium
863 1353 1052 1520 dlellegavit,
1075 1352 1112 1416 in
1143 1351 1365 1521 exclusionem
1381 1352 1500 1521 t{ritto-

446 1478 628 1647 333
656 1461 1233 1636 33333333
1252 1475 1310 1622 3
1326 1475 1499 1624 cun

277 1671 423 1758 deueyn,
447 1682 506 1748 per
541 1661 649 1747 ipsum
686 1659 836 1747 superius
872 1657 1067 1745 placitatam
1103 1663 1138 1724 et
1186 1657 1372 1747 allegatam,
1410 1659 1499 1726 idem

275 1739 471 1858 ffiff'd
473 1761 617 1828 ohannes
638 1761 807 1848 Vampage
821 1782 881 1847 pro
895 1759 1009 1826 eodem
1032 1759 1176 1826 Domino
1192 1759 1283 1847 Rege
1304 1761 1499 1849 respondere

447 1864 584 1930 minime
605 1867 746 1929 tenetur.
791 1862 893 1929 Unde
906 1862 994 1949 petit
1010 1861 1186 1948 judicium.
1231 1861 1278 1928 ut
1296 1862 1385 1949 quod
1410 1863 1498 1932 idem

446 1987 533 2031 nnnc
569 1963 684 2030 Abbas
721 1963 763 2030 de
802 1986 931 2030 summa
966 1963 1126 2052 praedicta
1166 1983 1281 2030 versus
1317 1965 1497 2032 Dominum

447 2068 570 2156 Regem
592 2071 754 2133 oneretur.

501 2368 628 2437 Petilio
646 2367 790 2456 profati
811 2367 962 2446 Attalis,
983 2389 1062 2442 mco
1083 2389 1164 2434 oum
1184 2367 1444 2441 cmctiuuctione

869 2505 872 2514 ·
876 2491 1057 2557 processus.

278 2636 414 2704 Prnyeror
493 2619 565 2686 ¹Et
587 2620 764 2708 proedietus
785 2641 874 2686 nnnc
896 2618 1009 2685 Abbas
1032 2619 1122 2698 dicit,
1145 2641 1188 2685 ex
1209 2639 1274 2706 quo
1306 2620 1376 2707 ipse
1408 2621 1497 2686 suffi-

278 2705 427 2822 mm
450 2721 575 2788 cienter
604 2721 774 2788 materiam
806 2721 982 2808 placitavit
1013 2744 1072 2808 pro
1105 2721 1337 2788 exoneratione
1363 2744 1424 2788 sua
1456 2722 1497 2789 de

279 2837 418 2904 mundos
449 2825 625 2913 praemissis
646 2831 677 2890 ct
699 2829 837 2905 ccmo,
869 2823 912 2889 ad
935 2845 1036 2910 quem
1057 2822 1187 2910 quidem
1211 2825 1384 2890 materiam
1412 2846 1496 2912 prae·

278 2903 408 3036 ffiffigf
449 2927 558 2995 dictus
591 2926 760 2993 Johannes
792 2925 961 3013 Vampage
994 2946 1054 3012 pro
1087 2925 1200 2990 eodem
1232 2925 1375 2991 Domino
1406 2925 1496 3013 Rege

277 3029 584 3097 uernacminimc
607 3028 786 3116 respondit,
807 3029 895 3115 petit
911 3027 1083 3114 judicium,
1106 3030 1141 3094 et
1163 3028 1253 3113 quod
1274 3029 1352 3115 ipse,
1386 3027 1492 3115 quoad

447 3133 623 3220 praemissa,
644 3130 687 3196 ab
709 3131 771 3196 hac
793 3129 894 3197 Curia
915 3129 1116 3212 dimittatur,
1139 3133 1174 3195 et
1187 3150 1301 3196 versus
1315 3129 1495 3196 Dominum

447 3235 572 3320 Regem
597 3241 802 3310 exoneretur,
825 3239 855 3298 ct
877 3239 1002 3298 catera.

491 3335 537 3402 Et
570 3335 618 3400 sic
648 3335 862 3400 continuatur
894 3355 1061 3420 processus
1093 3353 1197 3420 usque
1227 3335 1271 3400 ad
1292 3334 1494 3420 quindenam

447 3437 563 3504 Sancti
594 3435 774 3514 Michaelis,
796 3456 884 3501 enno
906 3435 1072 3502 tricesimo
1105 3437 1212 3524 pn'mo
1234 3437 1335 3525 Regis
1356 3437 1494 3503 Henrici

446 3539 551 3606 Sexti.

445 3855 578 3923 Iterato
598 3851 724 3921 Potitio
755 3849 840 3919 dicti
869 3849 1022 3932 Attolle,
1053 3869 1130 3916 anca
1151 3869 1230 3916 cum
1262 3848 1496 3917 ecorwcutiom

905 3951 1028 4040 rpdua

279 4165 336 4216 The
352 4163 439 4214 AM
494 4105 571 4172 1Ad
603 4126 701 4193 quem
717 4104 802 4170 diem
826 4102 1003 4191 pradictus
1023 4102 1192 4169 Johennes
1218 4099 1496 4184 Whethamstede,

278 4245 383 4297 uppem
451 4232 540 4277 nunc
571 4208 692 4286 Abbas,
725 4206 819 4272 venit
850 4226 909 4292 per
939 4204 1065 4270 dictum
1095 4207 1301 4271 attornatum
1323 4225 1429 4283 suum,
1461 4211 1496 4271 et

277 4297 407 4415 ffel?
452 4312 538 4400 petit
556 4311 721 4399 judicium
734 4309 771 4374 in
785 4307 967 4396 praemissis.
1006 4307 1112 4395 Super
1133 4326 1208 4391 quo,
1221 4305 1303 4372 visis
1320 4306 1496 4393 praemissis

280 4431 380 4481 Boon·
452 4437 511 4503 per
543 4415 687 4480 Berones
718 4411 901 4498 praedictos,
935 4408 1113 4496 habitaque
1145 4402 1222 4474 inde
1252 4413 1384 4474 matura
1414 4407 1496 4474 dcli·

279 4497 422 4629 ffigff'
451 4519 620 4584 beratione
654 4515 743 4581 inter
775 4512 914 4590 eosdem,
935 4511 1153 4597 scrutatisque
1175 4510 1267 4598 prius
1290 4510 1422 4576 Rutulis
1452 4509 1493 4577 de

565 4784 572 4818 ¹
584 4785 639 4837 'l'he
656 4785 711 4836 lint
726 4784 800 4836 letter
815 4781 938 4844 omitted;
955 4788 983 4832 to
998 4781 1030 4832 be
1040 4779 1154 4846 supplied
1164 4779 1192 4831 in
1202 4777 1375 4832 illumination.
