3588 5838
429 871 473 934 34
764 877 963 928 nncrsrauu
985 875 1142 926 renarra

262 1072 447 1130 A.D.144s.“
472 1067 624 1128 ‘nostros
639 1060 804 1148 pertinere
826 1064 969 1148 possent,
984 1059 1038 1125 vel
1052 1058 1220 1137 deberent,
1234 1063 1306 1122 tarn
1326 1055 1368 1122 de
1383 1055 1480 1122 dictis

431 1171 449 1201 “
471 1174 590 1247 ‘anu0,
613 1165 676 1244 die,
699 1169 734 1230 et
757 1161 873 1230 ¹vasto
896 1168 931 1228 et
953 1167 1094 1249 streppo‚
1123 1169 1222 1247 quadr
1253 1159 1294 1225 de
1325 1158 1477 1234 murdris,

431 1275 449 1305 “
471 1269 630 1355 ‘escapiis
666 1267 821 1347 tolonum,
859 1266 1010 1352 raptibus
1049 1264 1234 1345 mulierum,
1273 1267 1308 1328 et
1348 1261 1480 1328 feloniis

431 1377 449 1406 “
471 1371 754 1457 ‘quibuscunque
778 1369 819 1434 de
842 1367 1040 1434 omnimodis
1062 1367 1252 1433 bominibus
1273 1371 1308 1431 et
1334 1364 1480 1430 tenenti-

432 1479 451 1508 “
475 1473 568 1552 ‘bus
602 1477 673 1538 tum
710 1471 929 1538 residentibus
960 1492 1059 1557 quam
1090 1491 1157 1535 non
1186 1468 1417 1546 residentibus,
1447 1472 1482 1532 et

431 1583 450 1609 “
473 1575 570 1640 ‘eliis
592 1574 812 1642 residentibus
835 1574 1085 1661 quibuscunque
1107 1572 1283 1660 praedictis,
1299 1593 1337 1638 ao
1353 1571 1393 1636 de
1417 1571 1481 1636 vil-

432 1684 449 1712 “
474 1679 574 1745 ‘latis
597 1684 631 1744 et
653 1675 841 1754 hundredis,
857 1677 898 1743 de
922 1681 956 1741 et
970 1676 1006 1740 in
1027 1675 1147 1762 quibus
1160 1680 1268 1753 terrae,
1283 1677 1482 1740 tenemento

428 1787 445 1814 “
468 1785 527 1846 ‘et
541 1780 637 1846 feoda
651 1779 818 1865 praedicte,
834 1779 1017 1856 extiterint,
1034 1779 1071 1842 in
1093 1777 1344 1864 quibuscunque
1371 1774 1483 1842 Curiis

430 1889 446 1918 ‘⁴
471 1883 624 1960 ‘nostris
661 1888 697 1947 et
742 1881 911 1948 haeredum
955 1885 1153 1958 nostrorum,
1190 1886 1268 1958 tam,
1315 1878 1482 1957 videlicet,

429 1990 447 2018 “
472 1982 627 2050 ‘²coram
649 1984 745 2049 nobis
772 1990 807 2049 et
837 1983 1024 2050 haeredibus
1057 1983 1188 2062 nostris,
1211 1983 1247 2048 in
1279 1981 1485 2048 Cancellaria

429 2093 448 2124 “
471 2092 616 2167 ‘nostra
647 2092 682 2153 et
703 2086 872 2153 haeredum
895 2092 1091 2168 nostrorum,
1114 2085 1331 2151 Thesaurario
1354 2090 1389 2150 et
1419 2084 1482 2147 Ba

430 2197 446 2224 ‘¹
470 2188 629 2256 ‘renibus
657 2189 788 2270 nostris,
819 2194 855 2256 et
891 2189 1061 2255 haeredum
1090 2197 1287 2266 nostrorum,
1317 2187 1357 2253 de
1389 2187 1483 2254 Socc-

429 2301 445 2326 “
469 2289 602 2372 ‘carior
624 2291 825 2358 Justiciariis
847 2293 977 2371 uostris,
992 2298 1027 2358 et
1041 2290 1211 2358 haeredum
1227 2296 1424 2371 nostrorum,
1440 2288 1483 2353 ud
1548 2351 1552 2358 .

429 2401 447 2429 “
472 2395 616 2481 ‘placita
646 2417 754 2461 coram
783 2394 880 2461 nobis
910 2401 945 2460 et
974 2394 1162 2460 haeredibus
1185 2394 1307 2460 nostris
1329 2391 1484 2470 tenenda,

430 2506 447 2533 “
472 2497 695 2564 ‘Justiciariis
717 2497 848 2580 nostris,
871 2503 907 2564 et
929 2497 1097 2564 haeredum
1123 2501 1321 2574 nostrorum,
1346 2496 1387 2562 de
1417 2515 1484 2559 uno

431 2605 451 2636 ‘¹
475 2601 607 2666 ‘Banco
638 2600 694 2666 vel
726 2600 768 2666 de
801 2601 914 2682 altero,
937 2599 1122 2666 Senescadlo
1157 2604 1191 2664 et
1224 2598 1424 2678 Marescsilo,
1449 2603 1484 2662 et

431 2707 448 2735 “
471 2701 620 2768 ‘Clerico
644 2701 784 2768 Mercati
808 2701 960 2790 Hospitii
981 2702 1096 2781 nostri,
1113 2707 1147 2767 et
1169 2702 1338 2768 haeredum
1355 2705 1483 2766 nostro-

432 2809 448 2839 “
474 2812 579 2884 ‘rum,
610 2804 634 2871 J
636 2805 813 2872 auticiariis
845 2805 976 2887 nostris,
1010 2811 1045 2871 et
1082 2804 1250 2871 haeredum
1288 2810 1483 2882 nostrorum,

431 2912 449 2942 “
472 2907 732 2974 ‘itinerantibus
754 2908 798 2973 ad
819 2908 1006 2974 eommunia
1025 2907 1148 2995 placita
1162 2911 1198 2973 et
1212 2907 1334 2994 placita
1349 2929 1483 2988 coronae‚

431 3018 448 3044 “
472 3011 549 3077 ‘vel
572 3010 616 3075 ad
637 3010 760 3098 placita
781 3009 922 3089 forestae,
949 3010 1150 3077 Justioiariis
1172 3011 1302 3092 nostris,
1325 3015 1360 3075 et
1382 3010 1484 3076 haere·

433 3120 449 3146 “
473 3113 577 3178 ‘dum
600 3117 797 3193 nostrorum,
821 3113 865 3178 ad
893 3113 1041 3191 selerias,
1067 3112 1282 3202 proditiones,
1304 3119 1484 3199 transgres-

432 3221 450 3250 “
475 3215 612 3292 ‘siones
634 3215 866 3302 oppressiones,
890 3237 1051 3296 excessus,
1074 3221 1110 3283 et
1140 3217 1206 3282 alio
1234 3217 1429 3304 gravamina
1450 3221 1485 3282 et

434 3323 452 3352 “
476 3316 679 3394 ‘malefacta
712 3321 782 3382 tam
816 3317 860 3382 ad
897 3323 1021 3384 sectam
1055 3323 1214 3401 nostram,
1249 3325 1284 3386 et
1317 3319 1485 3386 haeredum

434 3427 450 3454 “
474 3423 696 3498 ‘nostrorum,
719 3441 819 3505 quam
848 3419 988 3486 aliorum
1019 3443 1296 3508 quorumcunque,
1320 3422 1374 3486 vel
1403 3421 1484 3486 alte-

433 3529 451 3557 “
474 3521 566 3586 ‘rius
589 3521 820 3608 cujuscunque,
842 3521 1036 3590 ‘audienda
1059 3531 1092 3591 et
1108 3525 1319 3590 terminanda
1339 3525 1486 3610 assigna-

433 3629 450 3659 “
473 3625 550 3703 ‘tis
573 3624 774 3691 Justiciariis
799 3626 930 3704 nostris,
954 3632 989 3694 et
1018 3627 1188 3693 haeredum
1218 3631 1413 3706 nostrorum,
1443 3627 1486 3691 ad

431 3731 450 3760 “
474 3726 622 3809 ‘assises
647 3728 787 3814 juratas,
813 3729 1073 3808 certificationes,
1099 3735 1133 3795 et
1164 3751 1375 3816 quascunque
1405 3727 1486 3794 alias

432 3833 451 3864 “
474 3829 739 3914 ‘inquisitiones
762 3829 968 3919 ⁵capiendss,
998 3833 1053 3899 vel
1081 3832 1196 3919 gaoles
1223 3830 1485 3908 “deliberandas

345 3941 349 3949 '
432 3939 451 3965 “
474 3933 679 4021 ‘assignatis
697 3934 887 4010 custodibus
901 3936 992 4022 pacis
1013 3941 1144 4018 nostrae,
1160 3941 1196 4002 et
1218 3937 1389 4002 haeredum
1410 3957 1486 4000 nos-

433 4042 452 4068 “
474 4040 635 4116 ‘trorum,
659 4042 693 4102 et
715 4036 916 4102 Justiciariis
942 4039 1074 4120 nostris,
1098 4043 1132 4104 et
1162 4039 1331 4104 haeredum
1357 4042 1486 4103 nostro-

433 4145 450 4171 “
474 4145 580 4218 ‘rum,
605 4139 649 4203 od
671 4142 799 4204 statuta
824 4145 858 4205 et
881 4140 1106 4207 ordinationes
1130 4141 1170 4205 de
1193 4140 1383 4223 artificibus,
1398 4139 1487 4206 labo-

434 4247 450 4274 “
475 4241 671 4320 ‘roboribus
695 4241 926 4323 servientibus,
942 4241 1126 4324 vitellariis,
1146 4241 1363 4321 forstallariis,
1385 4263 1424 4308 ac
1447 4243 1488 4308 de

467 4413 556 4464 ¹Nota
566 4413 596 4463 dc
612 4413 700 4478 quibas
719 4413 853 4466 bominibus
870 4415 938 4468 debet
1014 4417 1025 4449 ³
1036 4415 1179 4467 Beronibus
1201 4418 1293 4467 nosut'a
1315 4423 1340 4466 ct
1367 4415 1488 4466 horedum

433 4489 520 4542 Atta
531 4509 612 4543 omues
623 4494 781 4559 supradictos
792 4495 881 4546 dobere
893 4499 938 4562 so·
981 4504 1124 4558 macnus,
1147 4495 1177 4546 dc
1196 4494 1487 4547 Suomario-written

432 4573 755 4640 &scotoma-Mamm
766 4575 833 4626 Note
845 4575 871 4624 in
880 4577 937 4627 MS.
981 4577 1050 4638 bere,
1060 4578 1107 4626 but
1118 4575 1209 4640 faintly
1220 4577 1313 4627 maed.

466 4651 558 4702 ‘Noto
587 4669 667 4702 coram
694 4652 783 4718 quibus
810 4655 938 4720 judicibus
1015 4655 1025 4688 ⁴
1037 4655 1153 4706 audiendi
1163 4663 1187 4706 et
1198 4654 1345 4705 minandi
1355 4655 1382 4705 in
1390 4655 1446 4707 MS.

432 4729 502 4780 deber
525 4729 611 4782 Abdus
628 4733 697 4796 ipsas
718 4731 807 4784 dobere
816 4735 938 4799 soriascc-
1018 4735 1153 4799 ⁵capa'cadr'
1163 4735 1190 4785 in
1202 4735 1259 4786 MS.

433 4811 670 4878 asoa-Magius
681 4811 748 4864 Note
760 4813 787 4864 in
798 4813 854 4865 MS.
1016 4813 1027 4846 ⁶
1038 4813 1191 4866 deliberandi
1201 4815 1229 4865 in
1240 4815 1296 4868 MS.
