3582 5838
441 801 506 924 ldss
773 871 972 924 auulsum
993 870 1150 924 ABBATIAE

271 1043 340 1096 ΑΒ·
354 1047 426 1150 ΙΨ
439 1060 581 1129 Abbatis
603 1061 627 1128 J
628 1061 752 1130 ohanni
766 1059 915 1149 Septimi,
929 1065 1136 1139 recesserant,
1152 1082 1252 1149 sequa
1274 1064 1317 1128 ab
1331 1062 1485 1130 obedien-

271 1137 423 1256 ssfflgssf
438 1163 489 1230 tia
521 1165 624 1252 ipsius
655 1165 899 1242 subtraxerrmt,
922 1169 1049 1231 starent
1080 1165 1289 1253 quamplures
1318 1166 1486 1253 pulsantes

269 1269 482 1335 theAbbot'ssad
504 1269 623 1336 Octavi
655 1267 819 1334 Johannis
844 1267 974 1355 januas,
1008 1267 1187 1335 clamantes
1217 1268 1398 1336 instantium
1426 1292 1487 1358 pro

271 1339 361 1456 ἓξὲξ
438 1393 592 1459 regressu,
626 1393 664 1438 ac
699 1370 931 1458 promittentes
968 1370 1117 1448 stabilire
1146 1371 1296 1459 deinceps
1325 1395 1385 1460 pro
1414 1395 1487 1461 per·

270 1495 375 1560 Among
438 1481 538 1562 petuo
559 1495 688 1562 gressus
709 1495 792 1539 suos
837 1473 931 1539 Inter
955 1494 1037 1559 quos
1070 1477 1142 1540 erat
1173 1496 1266 1554 unus,
1290 1475 1423 1542 nomine
1452 1480 1487 1542 et

268 1733 401 1878 {llfffll
438 1783 583 1868 dumque
605 1786 778 1870 occuparet
799 1781 938 1868 gradum
959 1780 1046 1847 infra
1067 1701 1300 1864 locurlsmillum,
1323 1733 1487 1850 iristanter

268 1896 312 1945 the
322 1894 378 1946 Oell
388 1895 419 1945 of
437 1892 558 1966 tamen,
573 1885 679 1973 magis
693 1906 762 1972 prae
778 1885 860 1964 aliis,
874 1884 1133 1966 acclamaverat3
1148 1886 1270 1952 frustra
1291 1893 1411 1965 tamen,
1427 1907 1484 1973 per

268 1961 411 2080 Quond-
436 1993 566 2076 tempus
580 2009 648 2053 non
670 1987 842 2066 modicum,
863 1986 942 2074 quia
963 2008 1089 2074 semper
1111 1988 1175 2054 sibi
1196 1988 1234 2052 in
1256 1987 1324 2054 suis
1338 1989 1485 2054 elamori-

436 2091 499 2157 bus
521 2089 810 2157 oontradictorium
824 2088 943 2155 habuit
966 2093 1077 2156 totum
1090 2090 1263 2178 collegium
1284 2091 1485 2158 confratrum

436 2198 631 2260 nostrorum

269 2323 426 2374 Hem„
482 2297 629 2364 Tandem
651 2298 764 2361 tamen
785 2294 833 2361 sic
861 2315 973 2360 rursus
1002 2295 1209 2378 clamaverat,
1231 2297 1343 2384 sieque
1364 2298 1485 2364 iterrun

269 2391 390 2507 ΨἪ
437 2398 653 2487 lopportune,
685 2420 724 2464 ac
760 2398 861 2464 etiam
895 2398 1092 2486 importune,
1124 2399 1301 2466 instantias
1333 2401 1485 2483 faciebat,

269 2465 418 2575 ludimus?
437 2509 476 2569 ut
508 2523 566 2589 per
598 2501 796 2568 intermedia
826 2501 1036 2588 promitteret
1065 2501 1168 2568 facere
1204 2503 1351 2590 grandis,
1390 2503 1483 2568 dum-

271 2589 351 2641 (ΜΘ
436 2607 533 2672 modo
562 2626 675 2671 rursus
712 2608 821 2692 posset
853 2603 962 2690 recipi,
1000 2608 1034 2669 et
1072 2608 1147 2691 post
1183 2605 1403 2693 receptionem
1439 2606 1483 2672 ad

269 2657 399 2774 dnbbbl’be
435 2711 580 2796 regimen
602 2708 772 2775 Prioratus
801 2707 842 2773 de
864 2706 1019 2794 Bynham
1040 2727 1099 2793 per
1127 2708 1269 2796 gratiam
1291 2709 1483 2798 promoveri.

267 2791 593 2924 ffiffifPromirit
623 2816 749 2902 utique,
772 2815 800 2880 si
832 2818 867 2879 et
897 2817 1061 2899 quatenus
1092 2813 1130 2881 in
1160 2814 1226 2880 ista
1258 2821 1352 2902 parte
1385 2837 1483 2882 suum

435 2923 545 3006 posset
567 2918 765 2984 desiderium
786 2915 973 3002 impetrare,
995 2917 1136 2982 fratrum
1158 2917 1398 2985 Dormitorium
1420 2919 1482 2984 ibi-

434 3022 517 3100 dem,
534 3021 712 3109 collapsum
734 3024 769 3086 et
790 3019 967 3097 ruinosum,
989 3019 1111 3084 iterum
1131 3020 1299 3108 reerigere,
1319 3043 1482 3108 reparare-

433 3146 498 3210 que
519 3125 561 3189 de
583 3144 677 3202 novo,
709 3121 805 3188 modo
828 3121 874 3186 sic
895 3141 1038 3209 congruo
1061 3127 1096 3187 et
1117 3121 1263 3204 honesto,
1286 3127 1326 3189 ut
1348 3127 1481 3209 possent

432 3226 551 3292 fratres
572 3225 708 3291 honeste
730 3224 893 3310 quiescere
915 3223 951 3287 in
973 3244 1019 3302 eo,
1043 3229 1077 3289 et
1100 3245 1317 3311 compausare.

265 3352 321 3403 aa,
477 3326 598 3409 Abbas,
628 3327 711 3392 hanc
742 3324 988 3412 promissionem
1018 3325 1060 3394 ab
1089 3326 1400 3395 intermediantibus
1425 3351 1483 3394 au-

265 3420 384 3498 brethren
433 3429 535 3507 diens,
557 3434 591 3494 et
612 3429 654 3494 de
675 3427 842 3516 paucitate
865 3427 1007 3492 fratrum
1028 3427 1117 3494 infra
1139 3429 1376 3497 Monasterium
1399 3431 1482 3498 bene

265 3489 395 3618 ppffitqu
432 3536 676 3609 rememoratus,
706 3529 925 3618 respondebat
957 3531 1023 3595 illis
1052 3531 1182 3613 iterum,
1214 3533 1263 3598 ita
1292 3533 1483 3600 dicens:-

265 3619 405 3737 ffirffl
433 3633 541 3700 “Viri
577 3633 700 3722 egregii
737 3637 771 3700 et
808 3633 1001 3699 amicabiles.
1017 3670 1058 3682 -
1072 3634 1287 3702 Promissores
1324 3637 1481 3704 habemus

265 3743 451 3804 demumst
474 3737 681 3824 quamplures
707 3736 771 3801 hiis
797 3735 921 3815 diebus,
950 3758 1069 3824 paucos
1097 3741 1218 3817 tamm,
1243 3736 1376 3822 ²immo,
1400 3762 1481 3828 pau·

266 3819 407 3938 ffifff
432 3848 450 3876 “
472 3840 625 3918 cissimos,
655 3861 715 3905 sua
751 3839 911 3927 promissa
943 3839 1088 3905 fideliter
1124 3839 1348 3929 adimplentes.
1401 3841 1480 3908 Non

433 3951 452 3981 “
474 3943 562 4009 enim
598 3942 741 4007 multum
770 3947 889 4029 gravat
926 3941 1022 4029 plura
1059 3942 1260 4029 promittere,
1297 3946 1480 4033 persolvere

432 4053 584 4112 “tamen
616 4045 808 4133 plerumque
842 4043 961 4110 laedere
994 4044 1103 4126 solet;
1140 4051 1174 4111 et
1207 4051 1379 4134 propterea
1412 4070 1480 4114 non

433 4155 451 4185 “
472 4154 524 4216 est
545 4150 610 4215 viri
632 4148 789 4236 sapientis
810 4169 964 4235 magnam
979 4148 1015 4211 in
1029 4147 1299 4235 promissionibus
1317 4151 1478 4217 confiden-

431 4259 449 4288 “
470 4252 553 4318 tiam
579 4249 707 4318 habere.
753 4250 871 4331 Quare,
901 4249 929 4314 si
966 4249 1049 4316 velit
1077 4251 1180 4316 frater
1216 4251 1325 4317 dictus
1363 4253 1479 4341 praefu-

431 4363 448 4390 “
470 4359 544 4421 tum
566 4353 812 4434 Dormitcrium,
836 4374 896 4440 pro
918 4373 1006 4417 nunc
1039 4352 1217 4440 collapsum
1241 4358 1276 4420 et
1299 4355 1477 4434 ruinosum,

432 4463 583 4524 “rursus
620 4457 789 4543 reerigere,
827 4458 863 4520 et
899 4476 998 4543 super
1042 4455 1079 4520 id
1124 4455 1261 4522 ulterius
1294 4458 1477 4546 persolvere

430 4569 447 4597 “
470 4560 601 4647 singula
631 4559 744 4625 debita
775 4557 892 4624 domus
923 4557 1021 4636 illius,
1052 4579 1091 4622 ac
1124 4560 1296 4645 posterius,
1328 4561 1476 4628 deductis

463 4839 699 4908 1sperassemus.
948 4840 953 4908 ι
1001 4839 1180 4910 wmarus.
