3582 5838
470 871 647 924 romums
669 873 957 966 wanrnausrnpn
980 876 1158 928 snouunn.
1278 867 1341 930 133

293 1063 313 1093 “
334 1059 371 1124 in
394 1061 565 1126 aetemum.
611 1058 672 1125 Sin
697 1059 862 1138 autem,ei
884 1060 1013 1126 assidue
1035 1065 1113 1127 ante
1135 1066 1210 1127 tuos
1235 1063 1344 1128 oeulos
1356 1081 1424 1132 Au).
1438 1083 1510 1132 14⁵⁴.

292 1170 310 1194 ‘⁴
331 1159 521 1246 hujusmodi
550 1161 704 1228 habueris
733 1163 884 1228 velamen
914 1163 1155 1242 obcoecationis,
1185 1165 1274 1249 quod
1303 1164 1345 1230 de

292 1271 310 1297 “
331 1262 411 1329 limo
431 1264 594 1351 pmfundi,
610 1265 646 1329 in
662 1287 726 1352 quo
747 1286 808 1351 pro
830 1286 919 1332 nuno
940 1265 1095 1352 infigerie,
1110 1266 1255 1332 nolueris
1276 1267 1346 1330 ulla

290 1374 308 1400 “
331 1371 444 1431 nostra
466 1366 695 1432 exhortatione
717 1365 889 1433 extrahere
911 1368 1119 1454 tuospedes,
1141 1366 1271 1449 1immo,
1294 1373 1344 1433 te·

291 1477 311 1503 “
331 1489 409 1534 nere
431 1489 486 1534 eos
507 1469 593 1535 fixos
613 1468 726 1556 magis,
742 1489 780 1534 aa
802 1468 949 1550 ulterius,
965 1469 1008 1534 ad
1030 1468 1247 1555 bajulandum
1269 1490 1344 1535 oum

294 1578 311 1604 “
333 1568 446 1636 ”Juda
466 1569 588 1636 loculos
610 1571 775 1658 applicare
797 1570 872 1657 plus
896 1570 1111 1659 proprietarie
1135 1571 1343 1637 ambustura

292 1679 311 1706 “
333 1693 457 1750 manue,
487 1677 576 1752 tune,
605 1672 706 1757 juxta
737 1672 875 1738 verbum
897 1669 1112 1750 ⁸Psalmistae,
1135 1673 1189 1738 vel
1220 1673 1343 1739 demer-

293 1776 419 1862 “geris
448 1797 469 1840 a
498 1779 696 1863 tempestate
726 1775 816 1841 illius
838 1797 932 1862 aquae
956 1797 1029 1862 quae
1061 1781 1111 1841 est
1142 1775 1232 1863 apud
1261 1776 1343 1842 infe-

292 1885 309 1913 ‘¹
331 1901 393 1958 ros,
408 1881 463 1947 vel
476 1880 710 1960 absorbeberis,
726 1881 816 1966 quod
838 1885 888 1947 est
902 1883 1044 1968 gravium,
1060 1903 1080 1946 a
1102 1881 1264 1967 profundo
1286 1881 1344 1948 illo

293 1990 310 2017 “
332 1984 437 2070 magis
457 1983 533 2061 imo,
548 1983 638 2068 quod
660 1989 710 2048 eet
732 1983 820 2048 infra
841 1990 982 2070 puteum
1001 1983 1067 2048 oris
1081 1982 1178 2048 illius
1225 1982 1343 2070 Igitur,

293 2091 311 2120 “
333 2084 444 2162 frater,
472 2107 515 2150 ne
545 2085 635 2150 ultra
666 2084 866 2150 domicilium
900 2086 993 2173 prius
1024 2086 1150 2150 dietum
1182 2083 1249 2151 tale
1281 2086 1344 2151 ibi-

291 2197 310 2222 “
332 2188 407 2262 dem
430 2187 569 2253 ulterius
591 2187 732 2253 aedifices
755 2187 818 2252 tibi
841 2186 1251 2264 tabe1·naeulum,oonsule
1274 2193 1343 2254 tuae

292 2297 309 2324 ‘⁴
331 2291 450 2356 animae
483 2289 654 2370 salubrius,
682 2295 717 2356 et
748 2291 826 2368 noli,
856 2295 990 2378 propter
1020 2289 1135 2353 fimum
1167 2289 1341 2368 modicum,

293 2401 310 2426 “
331 2393 369 2458 in
390 2393 571 2478 captiosum
593 2392 736 2458 incidere
758 2392 911 2478 laqueum
934 2397 1100 2480 perpetuae
1122 2391 1343 2458 ‘condemna-

292 2505 309 2530 “
331 2493 458 2562 tionis.’'

337 2599 460 2679 Frater,
495 2597 559 2663 hiis
589 2596 687 2663 dictis
716 2597 880 2665 attonitus
909 2617 977 2662 non
1006 2596 1142 2675 modice,
1171 2619 1209 2662 ao
1239 2595 1339 2662 etiam
1353 2597 1480 2679 theOffl·

293 2700 366 2788 plus
385 2701 422 2764 in
444 2723 477 2767 se
500 2700 708 2788 angustiatus
739 2721 837 2786 quam
860 2720 968 2787 penna
1002 2699 1045 2765 ad
1079 2721 1221 2787 praesens
1250 2698 1340 2764 valet
1351 2667 1487 2796 {wind

291 2803 439 2882 scribere,
461 2803 593 2870 recessit
622 2823 696 2882 oum
719 2801 837 2868 rubore
868 2811 902 2868 et
927 2801 1092 2888 lacrymis,
1113 2801 1227 2868 taliter
1255 2799 1458 2913 seor-ftflfflssh

291 2928 364 2973 sum
378 2907 421 2972 ad
436 2911 563 2994 partem
578 2926 687 2971 seeum
710 2905 846 2991 loquens
857 2910 930 2970 :—“
942 2903 1117 2991 Angustiae
1140 2910 1219 2971 sunt
1234 2903 1339 2969 ⁵mihi
1351 2872 1492 2982 ffiuiflls

292 3016 310 3044 “
334 3009 487 3095 undique,
510 3013 544 3074 et
567 3007 648 3095 quid
669 3006 777 3071 ⁶mihi
806 3005 923 3071 melius
953 3006 1051 3072 modo
1081 3007 1200 3094 eligam
1231 2997 1459 3128 nescioggflffgm

291 3119 309 3148 “
331 3111 414 3177 bene
439 3110 627 3177 deliberare.
681 3109 718 3174 si
744 3107 888 3174 attulero
918 3129 1036 3172 aurum
1066 3129 1176 3173 meum
1206 3105 1242 3172 iri
1272 3130 1339 3174 me·
1460 3099 1467 3114 ⁶

290 3222 308 3250 “
330 3213 431 3293 dium,
461 3217 496 3278 et
533 3212 733 3290 dixero‚-.‘
746 3211 828 3277 Eoos
865 3209 1025 3277 Domine!
1064 3211 1168 3278 Eone!
1207 3210 1260 3276 hio
1290 3215 1340 3278 est

289 3326 307 3351 “
331 3321 461 3382 ‘totum
477 3314 640 3402 peculium
663 3312 791 3392 meum‚'
806 3318 887 3380 tuno
909 3313 974 3378 erit
995 3311 1103 3378 ‘mihi
1118 3335 1204 3379 mors
1219 3313 1316 3380 famae
1332 3338 1340 3394 ;

290 3429 308 3454 “
331 3419 408 3504 quia
441 3417 554 3504 juravi
591 3437 678 3503 saepe
716 3421 751 3482 et
788 3415 917 3502 saepius,
946 3437 985 3480 ao
1022 3415 1124 3481 etiam
1155 3415 1339 3502 saepissime,

290 3529 437 3586 “eoram
469 3519 579 3595 variis,
615 3515 725 3583 ⁰nihil
755 3525 815 3582 aut
845 3518 883 3582 in
919 3539 1000 3583 auro
1031 3523 1092 3584 aut
1122 3518 1159 3583 in
1196 3519 1339 3584 denariis

289 3623 418 3710 “apud
442 3643 496 3686 me
524 3621 658 3708 penitus
687 3619 858 3707 possidere
904 3617 942 3684 Si
973 3641 1051 3686 vero
1082 3641 1150 3685 non
1186 3620 1338 3702 attulero,

288 3731 305 3760 “
327 3745 396 3790 non
419 3723 573 3810 effugiam
595 3743 713 3788 manus
735 3723 801 3787 mei
824 3722 1019 3808 Superioris,
1035 3743 1096 3789 neo
1122 3729 1208 3790 stare
1223 3728 1339 3810 potero

287 3833 305 3863 “
328 3832 435 3892 rectus
472 3827 509 3890 in
547 3825 700 3913 opinione
737 3823 825 3910 apud
860 3824 944 3889 ullos
978 3829 1125 3890 maturos
1160 3825 1338 3890 confratres

289 3937 425 3994 “meos
471 3929 562 3994 Malo
594 3925 831 3992 ⁷nihilominus
852 3926 890 3991 in
911 3947 1029 3992 manus
1058 3926 1124 3993 mei
1154 3927 1339 4012 Superioris

289 4037 307 4067 “
330 4031 479 4110 incidere,
503 4035 741 4118 expectareque
773 4027 854 4113 quid
876 4028 946 4114 ipse
969 4028 1052 4094 velit
1074 4049 1169 4115 agere
1202 4048 1337 4106 mecum,

290 4141 308 4169 “
330 4155 386 4200 seu
416 4137 530 4200 eontra
552 4153 605 4200 me
627 4130 804 4219 poenaliter
825 4126 1024 4208 ⁸attentare,
1048 4151 1145 4216 quam
1172 4129 1339 4194 incurrere

324 4424 394 4490 ¹3rno
405 4424 432 4474 in
441 4424 500 4476 MS.
870 4421 880 4452 ⁶
892 4419 964 4471 micui
974 4419 999 4470 in
1011 4419 1067 4470 ΜΒ.

322 4501 608 4555 'hellusiontoJoln
620 4501 664 4552 xii.
676 4507 699 4552 6.
870 4498 1004 4550 ‘nichilin
1016 4499 1072 4551 MS.

322 4583 376 4634 ³In
395 4582 502 4634 allusion
521 4589 547 4633 to
564 4579 649 4632 Proin
667 4581 730 4632 lxix.
751 4586 791 4644 14,
870 4577 1058 4628 iniciilonr'nus
1068 4577 1094 4627 in
1105 4577 1161 4628 MS,

291 4669 321 4714 15
870 4659 1033 4724 ⁸auamptare
1043 4657 1070 4706 in
1081 4656 1137 4708 Ms.

322 4701 332 4773 l
344 4741 562 4808 condempnationis
574 4741 599 4791 in
611 4741 667 4792 MS.
