3588 5838
481 899 656 951 «IOHANNIS
679 899 963 950 WHEI'HAMSTEDE
987 901 1163 951 SECUNDAE.
1297 887 1338 950 53

289 1099 308 1128 “
331 1091 545 1170 committere,
568 1096 602 1158 et
632 1091 755 1179 placita
776 1091 834 1156 illa
856 1093 968 1158 omnia
1000 1098 1035 1158 et
1065 1091 1196 1180 singula
1227 1091 1506 1158 audirem-1⁴⁴⁸·

291 1199 311 1229 “
334 1198 369 1260 et
391 1195 573 1273 terminare,
597 1216 635 1260 ac
664 1217 722 1282 per
744 1194 927 1261 consimilia
955 1217 1132 1281 processus,
1156 1193 1339 1260 considera·

290 1301 309 1331 “
332 1297 449 1375 tiones,
470 1295 602 1381 judicia,
618 1302 653 1362 et
676 1296 884 1363 executiones
902 1297 1109 1382 judiciorum,
1124 1296 1282 1362 deducere
1305 1301 1340 1362 et

292 1403 310 1433 “
333 1399 531 1478 terminere;
552 1421 674 1485 perque
696 1400 878 1466 consimilia
904 1399 1031 1486 placita,
1055 1421 1113 1486 per
1143 1399 1238 1464 billas
1269 1397 1339 1464 sive

290 1507 308 1534 “
333 1500 479 1586 querelas
508 1501 545 1565 in
569 1500 677 1568 Curiis
706 1501 835 1579 nostris,
861 1523 919 1566 seu
945 1500 1113 1566 haeredum
1143 1505 1338 1578 nostrorum,

292 1609 310 1639 “
333 1602 541 1668 deducuntur
554 1609 589 1668 et
604 1603 833 1681 terminantur,
848 1624 885 1668 ac
902 1603 1111 1669 executiones
1126 1602 1203 1667 inde
1225 1603 1338 1668 facere.

292 1710 311 1740 “
334 1705 379 1770 Et
400 1704 489 1793 quod
510 1704 610 1770 iidem
632 1727 722 1770 nunc
743 1705 856 1771 Abbas
878 1710 912 1771 et
935 1705 1137 1783 Conventus,
1158 1711 1193 1770 et
1215 1727 1338 1770 succes·

292 1813 311 1842 “
335 1829 421 1872 sores
443 1808 496 1874 sui
517 1807 675 1896 praedicti,
691 1808 733 1873 de
754 1812 872 1874 caetero
894 1807 1039 1873 habeant
1061 1807 1120 1873 1in
1144 1812 1338 1894 perpetuum

293 1916 312 1946 “
334 1910 424 1996 apud
459 1911 651 1998 praedictam
684 1910 799 1976 villam
837 1911 878 1976 ds
913 1909 1035 1976 Sancto
1066 1909 1207 1990 Albano,
1229 1931 1337 1976 coram

292 2019 311 2046 “
334 2011 520 2098 hujusmodi
542 2012 730 2078 Senescallo
759 2034 827 2093 suo,
850 2013 1053 2100 cognitiones
1069 2013 1338 2079 omnimodorum

291 2121 311 2152 “
333 2114 528 2202 placitorum
543 2137 811 2202 quorumcunque
826 2121 1062 2197 contractuum,
1077 2117 1243 2183 actionum
1266 2139 1337 2183 rea·

292 2225 308 2253 “
331 2216 422 2297 lium,
446 2217 675 2303 personalium,
700 2223 735 2284 et
765 2217 953 2296 mixtarum,
978 2223 1148 2298 terrarum,
1171 2223 1338 2286 tenemen-

292 2326 310 2355 “
333 2325 452 2397 torum,
474 2323 509 2384 et
532 2319 671 2384 Qum
693 2320 860 2386 actionum
883 2326 917 2386 et
939 2341 1048 2385 rerum
1063 2343 1338 2408 quarumcunque,

291 2431 309 2458 “
331 2443 457 2487 necnon
479 2420 682 2509 placitorum,
706 2422 889 2501 assisarum,
902 2421 1099 2509 juratorum,
1123 2429 1158 2489 et
1180 2424 1339 2491 certifica-

292 2525 464 2589 “tionum
494 2545 771 2611 quarumcunque,
801 2525 890 2591 infra
920 2525 1034 2591 villam
1064 2526 1255 2614 praedictam
1289 2549 1340 2592 ac-

291 2634 309 2662 “
331 2626 519 2708 cidentium,
553 2627 723 2705 factorum,
755 2633 788 2694 et
825 2629 1071 2717 emergentium,
1107 2629 1265 2695 tenendos
1302 2630 1338 2694 in

292 2735 311 2766 “
333 2728 530 2815 quibusdem
545 2729 653 2794 Curiis
675 2730 805 2810 nostris,
820 2736 855 2796 et
870 2730 1036 2796 haredum
1057 2745 1253 2813 nostrorum,
1270 2747 1339 2796 tam

292 2838 310 2866 “
333 2853 440 2896 coram
463 2831 558 2896 nobis
580 2831 633 2896 vel
655 2830 840 2897 haeredibus
870 2833 1000 2914 nostris,
1024 2833 1209 2919 ubicunque
1239 2833 1339 2898 fueri·

290 2941 309 2970 “
333 2955 414 3012 mus,
436 2934 492 2999 vel
516 2933 649 3014 fuerint,
674 2934 711 2998 in
733 2935 864 3022 Anglia,
888 2957 988 3020 quam
1019 2956 1127 2999 coram
1159 2935 1262 3011 nobis,
1286 2935 1340 3000 vel

291 3043 310 3072 “
334 3035 454 3100 eisdem
481 3035 667 3101 haeredibus
689 3037 819 3116 nostris,
835 3037 874 3102 in
887 3042 1009 3118 nostra,
1027 3043 1087 3102 aut
1109 3057 1228 3114 eorum,
1253 3035 1339 3103 (lan-

291 3147 308 3174 “
332 3139 471 3218 cellaria,
487 3160 595 3204 coram
611 3137 833 3216 Thesaurario,
849 3161 886 3204 ac
908 3143 977 3204 tam
1000 3161 1107 3204 coram
1123 3139 1339 3205 Thesaurario

292 3251 310 3276 ‘⁴
333 3251 368 3306 et
401 3241 594 3321 Beronibus,
619 3263 717 3326 quam
745 3261 852 3307 coram
876 3241 1060 3306 Beronibus
1090 3242 1131 3308 de
1164 3241 1334 3308 Scacoario

290 3352 309 3381 ‘⁸
332 3347 454 3424 nostro,
489 3347 523 3408 et
560 3343 729 3414 heredum
766 3353 965 3424 nostrorum,
1000 3365 1108 3410 coram
1141 3343 1340 3410 Justiciar'ris

292 3453 312 3480 “
334 3445 466 3526 nostris,
489 3451 524 3510 et
553 3446 722 3511 haredum
753 3450 948 3525 nostrorum,
975 3451 1044 3511 tam
1076 3446 1117 3512 de
1140 3467 1207 3512 uno
1230 3447 1340 3512 Banco

293 3556 312 3587 “
335 3571 433 3636 quam
457 3547 498 3613 de
521 3547 594 3628 olio,
616 3570 725 3614 coram
741 3547 943 3614 Justiciariis
965 3549 1006 3614 de
1023 3549 1198 3615 Communi
1221 3549 1340 3628 Banco,

292 3658 311 3686 “
331 3673 439 3718 coram
461 3649 662 3717 Justioiariis
685 3651 816 3732 nostris,
839 3656 874 3716 et
888 3651 1056 3717 haeredum
1078 3657 1273 3731 nostrorum,
1297 3653 1341 3716 ad

292 3754 455 3841 “placita
487 3774 596 3818 coram
626 3754 728 3832 nobis,
752 3759 812 3818 aut
846 3753 967 3818 eisdem
1001 3753 1187 3820 haeredibus
1209 3755 1338 3832 nostris,

292 3863 311 3892 “
334 3853 683 3942 tenenda²assignatis
693 3861 728 3920 ct
736 3855 941 3942 assignandis
951 3855 1150 3920 Justiciariis
1162 3855 1204 3920 ad
1215 3857 1340 3934 assises,

294 3965 313 3995 “
330 3959 467 4045 juratas,
489 3962 524 4022 et
555 3957 804 4022 certificationes
833 3979 1050 4043 quascunque,
1074 3956 1276 4023 Justiciariis
1298 3959 1341 4022 ad

295 4067 312 4096 “
334 4060 445 4146 gaolas
467 4059 725 4140 deliberandum,
741 4060 764 4125 J
765 4059 940 4124 mtioiariis
955 4058 998 4124 ad
1021 4080 1133 4147 pacem
1148 4080 1339 4124 conservan-

294 4169 313 4198 “
337 4163 424 4240 dum,
449 4161 472 4226 J
475 4160 651 4234 ustician'is
673 4161 717 4226 ad
746 4160 891 4239 selonitis,
915 4162 1196 4248 transgressiones,
1218 4168 1252 4227 et
1275 4162 1341 4228 alia

293 4273 311 4302 “
335 4265 507 4330 malefacta
530 4286 740 4352 quaecunque,
756 4265 957 4331 audiendum
979 4271 1013 4331 et
1035 4265 1287 4346 terminandum,
1304 4287 1341 4331 ao

293 4375 312 4404 “
335 4367 358 4432 J
360 4367 537 4433 ustioieriis
560 4366 772 4446 Sewerarum,
788 4367 962 4455 assignatis
985 4371 1019 4432 et
1041 4366 1252 4454 assignandis.
1296 4367 1342 4432 Et

294 4477 313 4506 “
336 4469 423 4555 quod
449 4469 608 4556 pradicta
637 4470 759 4557 placita
780 4491 888 4536 coram
912 4469 1047 4556 praefato
1070 4469 1253 4535 Senescallo
1276 4469 1343 4536 dic·

296 4580 312 4608 “
335 4579 445 4638 torum
476 4593 566 4638 nunc
595 4572 738 4637 Abbatis
770 4578 805 4640 et
829 4572 1028 4650 Conventus,
1057 4578 1093 4637 et
1123 4593 1343 4638 successorum

320 4831 340 4864 ⁰¹
353 4833 528 4897 imperpetuum
539 4830 565 4882 in
576 4829 632 4882 MS.
807 4829 812 4898 Ι
866 4829 877 4864 ²
888 4831 1017 4895 asriynara
1030 4867 1036 4881 .
1050 4867 1056 4880 .
1069 4868 1075 4880 .
1087 4832 1236 4899 αεείφιαπιὶα
1247 4833 1274 4886 in
1285 4833 1340 4887 MS.
