3588 5838
481 861 654 916 consume
673 859 962 918 ,Vintimilium
984 861 1160 914 succuum.
1299 842 1341 916 75

298 1053 500 1134 Conventus,
532 1053 592 1122 diu
619 1058 699 1122 ante
735 1052 862 1122 dictum
892 1054 1225 1122 decimum-octavum
1257 1051 1344 1119 diem
1356 1061 1425 1118 dl).
1440 1067 1510 1116 1⁴⁵2.

297 1157 498 1236 Decembris,
535 1179 578 1224 ex
609 1179 744 1225 assensu
775 1160 857 1223 tunc
886 1155 1029 1224 Abbatis
1061 1161 1096 1224 et
1125 1155 1228 1224 1dicti
1258 1155 1344 1222 Con-

297 1264 430 1339 ventus,
451 1259 565 1328 eedem
582 1259 704 1348 jocalis
725 1262 760 1324 et
783 1265 976 1326 ornaments
997 1258 1187 1348 Praepositis
1211 1263 1247 1325 et
1270 1256 1364 1324 001--

297 1361 393 1450 legiis
413 1362 517 1449 ipsius
540 1362 677 1429 Domini
706 1359 806 1449 Regis
837 1361 879 1427 de
907 1363 1017 1430 Etona
1046 1367 1082 1429 et
1112 1361 1346 1448 Oantebriggia

299 1465 475 1552 pnaedictis,
490 1465 616 1533 ibidem
638 1463 698 1531 ²in
718 1467 926 1552 perpetuum,
941 1466 985 1532 ad
998 1485 1095 1532 usum
1116 1469 1151 1532 et
1165 1465 1346 1551 proficuum

299 1567 479 1634 eorundem
498 1568 754 1657 Praepositorum
776 1570 810 1633 et
842 1565 1072 1658 Collegiomm,
1103 1567 1245 1635 contulit
1273 1588 1345 1655 per-

299 1689 461 1736 muscis

345 1772 539 1860 Superque
561 1773 670 1842 dictus
692 1777 855 1844 Dominus
878 1773 959 1854 Rex,
975 1772 1053 1840 inde
1067 1793 1125 1860 per
1147 1771 1253 1839 dictos
1266 1777 1347 1838 tunc

299 1875 468 1942 Abbatem
489 1881 525 1942 et
540 1874 749 1946 Conventum
763 1881 971 1956 informatus,
984 1876 1076 1943 dicto
1090 1874 1347 1942 octavo-decimo

299 1979 355 2077 ὥς
375 1977 575 2061 Decembiis,
591 1980 681 2050 dicto
695 2005 783 2052 anno
797 1981 952 2076 vicesimo
966 1981 1115 2069 septime,
1130 2000 1189 2067 per
1204 1979 1348 2045 Litteras

301 2081 457 2148 Potentes
478 2081 661 2170 praedictss,
684 2087 835 2174 superius
856 2107 915 2173 per
935 2084 1045 2171 ipsum
1067 2104 1156 2148 nunc
1180 2083 1348 2148 Abbstem
1471 2075 1476 2084 ⁴

301 2184 469 2272 allegatas,
492 2185 528 2249 in
561 2181 897 2275 recompensationem
925 2184 1085 2272 jocalium
1111 2189 1146 2251 et
1176 2205 1347 2251 ornamen-

301 2291 412 2353 torum
445 2287 687 2373 praedicterum
709 2290 868 2358 concessit
888 2287 1035 2378 praelatis
1063 2286 1191 2353 Abbati
1211 2292 1293 2354 tunc
1314 2294 1350 2355 ct

304 2389 491 2457 Conventni
513 2389 554 2456 de
577 2390 700 2459 Sancto
721 2393 853 2460 Albano
875 2390 1072 2479 supradicto,
1096 2393 1131 2456 et
1159 2390 1348 2457 successori·

300 2491 365 2558 bus
385 2492 463 2575 suis,
483 2492 573 2580 quod
594 2493 667 2581 ipsi,
681 2496 724 2561 ad
745 2493 929 2584 quamlibet
949 2491 1186 2560 concessionem
1209 2493 1251 2559 de
1273 2515 1349 2560 con-

302 2594 446 2662 ccmione
466 2593 607 2682 alicujus
628 2597 773 2677 decimae,
796 2603 857 2666 aut
878 2596 1066 2665 medietatis
1088 2595 1231 2677 decimae,
1261 2595 1349 2662 dicto

302 2697 447 2764 Domino
479 2697 565 2786 Regi
593 2719 691 2786 nunc,
713 2707 773 2768 cut
805 2699 905 2769 alicui
938 2699 1106 2767 haeredum
1128 2719 1270 2776 suorum,
1292 2719 1350 2784 per

305 2799 440 2867 (ilerum
469 2801 564 2889 segni
597 2802 649 2868 sui
680 2803 812 2892 Anglise
845 2809 969 2871 extunc
1002 2801 1153 2880 fiendam,
1187 2822 1245 2867 seu
1275 2821 1351 2866 con-

303 2903 491 2983 cedendam,
513 2909 623 2972 essent
644 2905 750 2992 quieti
772 2912 810 2976 et,
829 2905 998 2974 exonnaei
1019 2925 1098 2992 erga
1111 2904 1220 2990 ipsum
1235 2901 1352 2968 Domi-

304 3028 387 3073 num
419 3006 552 3093 Regem,
582 3013 617 3072 et
653 3008 799 3076 haeredes
830 3029 914 3087 suos,
945 3007 988 3073 de
1019 3006 1143 3094 viginti
1179 3005 1273 3071 libiis
1310 3004 1351 3072 de

303 3108 494 3196 hujusmodi
525 3108 659 3190 decima,
683 3117 718 3178 et
751 3111 793 3179 de
826 3111 936 3178 decem
971 3109 1066 3176 libris
1097 3109 1140 3176 de
1173 3109 1350 3176 medietate

304 3211 440 3278 decimae
461 3210 508 3277 sic
529 3232 697 3292 concessae,
712 3235 772 3300 per
793 3213 881 3301 ipsos
902 3213 1068 3280 Abbotem
1083 3217 1119 3278 et
1133 3211 1352 3293 Conventum,

304 3313 374 3382 sive
382 3334 580 3382 successores
590 3335 675 3394 suos,
682 3315 784 3402 juxta
797 3317 938 3382 formam
952 3315 1196 3384 concessionum
1209 3313 1351 3396 illarum,

304 3415 478 3496 solvendis,
501 3437 669 3504 quousque
690 3418 857 3505 praedictis
880 3423 960 3485 tunc
973 3417 1102 3484 Abbati
1116 3422 1150 3484 et
1165 3417 1353 3486 Conventui

305 3518 450 3585 solutum
475 3517 562 3585 ieret
595 3520 636 3586 de
668 3540 798 3588 summa
831 3524 1063 3587 sexcentenum
1100 3519 1259 3586 librarum
1295 3541 1353 3607 per

304 3621 414 3710 ipsum
437 3621 619 3688 Dominum
643 3621 793 3709 ⁸Regem
816 3622 940 3689 eisdem
962 3623 1090 3691 Abbeti
1115 3627 1150 3688 et
1165 3621 1353 3689 Conventui

305 3723 427 3804 debite,
452 3723 551 3790 modo
582 3729 618 3790 et
650 3723 756 3790 forma
786 3729 885 3812 prout
915 3723 1093 3814 praedictus
1121 3745 1209 3790 nuuc
1239 3723 1354 3789 Abbas

305 3827 455 3916 superius
476 3825 666 3914 placitando
686 3826 853 3915 allegavit

352 3928 398 3995 Et
418 3927 500 3995 dicit
522 3929 623 3996 etiam
645 3928 734 3995 idem
749 3951 838 3997 nunc
859 3929 982 4009 Abbus,
1004 3928 1093 4018 quod
1115 3931 1145 3996 ei
1167 3953 1228 3998 nec
1256 3931 1354 3998 alicui

306 4031 535 4120 praedccessoii
556 4053 623 4112 suc,
647 4053 752 4119 neque
774 4032 961 4100 Conventui
983 4033 1174 4100 Monasteiii
1195 4035 1354 4122 praedicti,

306 4135 349 4201 de
371 4133 470 4201 dictis
492 4133 658 4202 sexcentis
680 4134 783 4214 libris,
807 4155 868 4202 nec
891 4134 932 4200 de
961 4135 1074 4223 aliquo
1095 4135 1173 4202 inde
1203 4137 1354 4224 parcella,

305 4236 344 4303 in
375 4235 468 4303 nullo
501 4235 609 4303 adhuc
639 4241 689 4303 eet
720 4238 867 4304 solutum
904 4243 964 4305 aut
995 4239 1209 4322 satisfactum,
1249 4261 1354 4328 neque

306 4343 599 4428 recompensatum.
648 4339 732 4421 Quae
755 4340 868 4407 omnis
890 4345 924 4407 et
946 4341 1077 4428 singula
1097 4348 1128 4406 et
1150 4349 1274 4409 cetera.

858 4649 928 4694 certa
948 4659 1041 4693 summa
1061 4645 1355 4714 arcad-Supersede

857 4723 912 4775 tion
923 4730 950 4774 to
960 4721 1034 4774 folios
1046 4725 1104 4786 tob,
1116 4729 1171 4776 3121⁴
