3640 5842
450 887 516 952 332
630 954 634 960 ,
784 900 985 952 aeorsrauu
1007 903 1164 954 sesama

282 1092 351 1146 au.
365 1099 438 1146 rma
497 1083 572 1163 Hic,
595 1085 683 1172 apud
707 1085 887 1152 Devoriam
915 1087 1091 1174 applicans,
1113 1093 1149 1154 et
1163 1110 1285 1175 equum
1309 1089 1496 1172 ascendens,

337 1240 343 1252 .
451 1187 597 1272 perrexit
623 1191 711 1253 recto
742 1181 870 1266 itinere,
896 1210 983 1275 quou
1025 1211 1065 1256 ue
1091 1191 1221 1257 veniret
1251 1192 1293 1258 ad
1326 1193 1497 1259 civitatem

280 1171 356 1290 ἓξὲξ
985 1211 1024 1276 u

280 1255 395 1368 maddi,
451 1288 717 1370 Londoniarum;
739 1289 797 1354 ubi
819 1311 888 1355 non
909 1311 1030 1376 paucos
1044 1293 1210 1378 reperiens
1228 1294 1322 1380 regui
1345 1295 1497 1381 praelatos

280 1372 431 1490 {gwfffflw
452 1394 487 1456 et
507 1412 654 1477 proceres
676 1395 859 1477 praesentes,
883 1393 1064 1477 permansit
1089 1415 1163 1460 cum
1185 1395 1266 1481 ipsis
1288 1416 1357 1461 non
1386 1397 1498 1483 paucis

280 1503 403 1557 eineder
451 1491 575 1574 diebus,
590 1493 634 1558 ab
650 1494 799 1559 omnibus
821 1492 1055 1560 humanissime
1077 1502 1235 1583 receptus,
1251 1519 1272 1562 a
1293 1497 1497 1585 singulisque

280 1569 438 1624 stmlhanu.
450 1595 663 1682 singulariter
685 1601 719 1660 et
742 1594 941 1681 singulatim,
957 1595 1156 1682 lautiorique
1173 1597 1278 1675 modo,
1295 1599 1497 1665 convivatus

450 1696 597 1761 Tandem
612 1703 732 1774 mmen,
749 1705 823 1783 post
837 1696 1084 1782 respirationem
1099 1719 1283 1784 congruam,
1300 1705 1335 1764 et
1350 1698 1496 1766 debitam

447 1799 689 1877 recreationem,
719 1819 757 1865 ac
786 1797 850 1862 sibi
883 1799 964 1862 satis
998 1797 1190 1885 placentem,
1221 1821 1341 1885 equum
1375 1800 1496 1867 iterum

447 1902 603 1980 ascendit,
641 1899 869 1986 equitavitque
914 1899 950 1963 in
996 1899 1115 1966 itinere
1160 1922 1274 1966 versus
1315 1901 1495 1968 Dominum

446 2005 579 2090 Regem,
610 2003 667 2089 qui
698 2007 779 2068 tunc
811 2000 901 2087 apud
931 2000 1100 2068 civitatem
1132 2002 1389 2069 Coventrensem
1418 2026 1494 2071 con·

446 2106 553 2172 traxit
590 2126 725 2182 moram,
758 2125 928 2189 quousque
961 2104 1004 2168 ad
1037 2103 1150 2168 villam
1185 2110 1223 2170 et
1256 2105 1494 2172 Mona-sterium

447 2207 563 2274 Sancti
591 2207 713 2272 Albani
744 2205 953 2292 perveniret3
983 2205 1042 2270 ubi
1072 2227 1131 2291 per
1152 2206 1240 2271 diem
1263 2207 1427 2294 integrum
1459 2214 1494 2274 et

447 2311 528 2375 duae
551 2315 663 2376 noctes
685 2305 1034 2395 ¹prehendinationem
1064 2307 1195 2386 faciens,
1217 2310 1254 2374 in
1285 2316 1415 2375 tantum
1439 2311 1494 2376 de·

447 2411 633 2477 lectabatur
647 2430 744 2495 super
766 2406 973 2473 humanitate
996 2407 1060 2473 sibi
1075 2409 1232 2487 exhibita,
1248 2415 1296 2490 ut,
1319 2411 1355 2474 in
1369 2431 1496 2476 recessu

277 2531 374 2582 Heex.
448 2535 507 2578 suo
529 2511 571 2577 ab
595 2511 825 2586 ecclesiaram
848 2529 904 2574 ore
927 2530 1026 2594 quam
1049 2509 1152 2586 corde,
1176 2513 1386 2597 promitteret
1407 2514 1496 2600 apud

277 2613 379 2716 {iffi
449 2613 628 2680 Dominum
643 2609 865 2698 Apostolioum
890 2631 948 2696 pro
964 2631 1051 2675 ease
1073 2611 1237 2677 facturum
1252 2614 1411 2700 quicquid
1428 2637 1495 2682 suae

277 2716 551 2798 muehgmu-fuerit
573 2711 802 2802 possibilitatis
825 2733 884 2799 pro
899 2712 1070 2777 commodo
1093 2713 1195 2798 ipsius
1217 2717 1332 2794 l'acere,
1346 2722 1407 2781 aut
1423 2737 1497 2802 pro-

276 2796 425 2931 ssfflpffi‘
450 2839 582 2898 curare3
604 2815 931 2902 significaturumque
947 2813 1086 2880 ulterius
1102 2815 1245 2888 Domino
1261 2815 1354 2904 Regi,
1371 2822 1497 2903 quanta

277 2931 367 3010 othe·
450 2920 515 2985 sibi
537 2918 733 2994 humanitas,
748 2915 855 3002 qualis
869 2916 1049 2995 urbanitaa,
1066 2938 1163 3001 quam
1186 2919 1384 3006 grandisque
1397 2941 1495 3007 gene·

275 3003 409 3062 receptior.
444 3022 571 3100 rositas,
586 3022 735 3107 impensa
749 3018 814 3083 sibi
836 3017 944 3083 fuerat
965 3017 1008 3102 ab
1030 3019 1165 3084 ecclesia
1187 3041 1255 3086 suae
1278 3021 1494 3100 fundationis,

382 3189 386 3198 ,
444 3125 486 3190 ob
523 3123 752 3200 reverentiam,
782 3127 817 3185 et
854 3121 890 3184 in
927 3121 1248 3207 contemplationem,
1287 3123 1493 3191 sanctissimi

444 3226 563 3305 Patris,
586 3224 756 3291 Pontificis
779 3223 917 3290 Summi.

274 3345 365 3397 Decri
489 3326 673 3394 Salutando
696 3347 781 3412 ergo,
804 3325 901 3390 vultu
925 3323 1067 3390 multum
1090 3325 1259 3406 benevolo,
1280 3331 1352 3392 tam
1374 3327 1491 3394 fratrea

274 3411 356 3462 ‘¹⁰⁰⁰
370 3413 420 3503 ,ΨΘ
444 3451 556 3495 omnes
579 3449 679 3514 quam
701 3426 886 3505 familiares,
911 3427 1272 3515 recommendaudoque
1294 3451 1328 3494 se
1350 3431 1492 3497 Domino

274 3478 402 3595 mi
443 3530 578 3606 Abbati,
600 3551 638 3594 ac
660 3529 761 3594 etiam
790 3529 1008 3615 regradando
1030 3530 1088 3616 qui
1110 3536 1198 3609 tune,
1221 3537 1356 3618 propter
1385 3553 1493 3598 senec·

274 3609 336 3688 'lffi
348 3611 391 3726 ‘ht‘
444 3637 514 3698 tam
537 3637 571 3698 et
596 3631 797 3718 languorem,
820 3629 932 3695 stabat
960 3630 1089 3717 ipsein
1120 3633 1266 3698 manerio
1286 3654 1345 3698 suo
1367 3633 1494 3713 absens,

273 3677 407 3809 dbiinby.
444 3732 598 3800 8recessit
620 3753 731 3799 versus
753 3731 925 3797 civitatem
947 3731 1070 3798 dictam
1082 3756 1090 3814 ;
1113 3732 1257 3819 illucque
1288 3735 1491 3822 perveniens,

443 3842 478 3904 et
500 3836 635 3904 tandem
657 3836 693 3899 in
715 3855 842 3901 camera
864 3834 999 3900 Domini
1022 3833 1121 3922 Regis
1143 3857 1294 3923 praesens,
1317 3839 1430 3904 statim
1453 3844 1492 3904 ut

442 3941 479 4005 in
516 3940 633 4027 ipsum,
664 3939 698 4003 in
738 3937 829 4018 solio,
862 3937 943 4002 satis
979 3937 1136 4022 regaliter
1167 3943 1280 4016 strato,
1311 3939 1491 4021 sedentem,

442 4041 581 4110 ocellum
605 4040 780 4117 direxerat,
803 4038 977 4105 inclinavit
998 4045 1097 4126 caput
1128 4061 1235 4118 suum,
1258 4063 1347 4108 more
1369 4039 1490 4108 ⁸Itali·

442 4166 562 4222 eorum,
586 4143 681 4229 eique
704 4139 922 4206 reverentiam
945 4139 1163 4227 impendebat.
1204 4142 1332 4208 Deinde
1362 4165 1492 4231 progre-

441 4247 535 4312 diens
564 4245 731 4333 pusillum,
754 4263 923 4329 quousque
945 4243 1075 4308 veniret
1097 4243 1139 4307 ad
1170 4265 1306 4310 cameras
1336 4245 1491 4325 medium,

441 4347 631 4413 humiliavit
657 4367 691 4411 se
713 4344 837 4410 ibidem
860 4365 962 4430 usque
985 4345 1028 4409 ad
1050 4345 1210 4424 humum3
1233 4346 1355 4412 iterum
1378 4353 1491 4414 tamen

440 4472 474 4517 se
506 4451 643 4537 erigens,
674 4447 830 4535 prooessit
866 4444 1031 4533 paulisper
1068 4447 1211 4533 propius,
1243 4469 1355 4514 uersus
1393 4449 1492 4536 pedes

475 4707 483 4740 ²
495 4707 537 4758 Sic
548 4707 574 4757 in
584 4706 658 4768 Ma,
680 4705 779 4772 usually
790 4703 940 4771 “perteads'·
1019 4702 1142 4756 ²Heurne
1153 4713 1269 4773 suggests
1281 4711 1297 4736 ‘¹
1306 4705 1441 4760 discam

440 4791 456 4816 ‘⁴
473 4787 617 4837 culmum?
1019 4781 1194 4834 ⁸Yhsh'coruur
1205 4787 1231 4836 in
1243 4785 1301 4838 MS.
