3560 5838
444 877 617 927 scansam
640 876 918 927 wnnrnausrunu
939 877 1114 926 secusne.
1233 865 1298 928 433

254 1060 359 1128 fertur
380 1063 416 1128 in
439 1063 585 1151 pecuniis
607 1062 697 1130 ultra
726 1084 886 1129 summam
909 1062 1031 1150 viginti
1053 1061 1200 1150 quinque
1215 1083 1300 1127 mar·

256 1186 375 1232 carum.

300 1247 395 1344 reem,
417 1267 514 1334 sauss
540 1267 683 1334 Abusus
705 1267 741 1332 sn
764 1266 964 1353 temporibus
995 1271 1092 1333 aas
1126 1267 1167 1332 αθ
1198 1267 1434 1336 nuk-anau

253 1370 376 1455 kettye,
409 1369 571 1458 Spyneys,
595 1375 629 1435 et
652 1357 818 1454 Gonellys‚
842 1391 916 1455 quse
946 1375 1164 1455 parcentum
1195 1389 1299 1434 annos
1312 1351 1466 1484 ffissffi

255 1478 289 1539 et
310 1471 399 1537 ultra
420 1473 462 1538 ab
485 1471 627 1551 ecclesia,
642 1472 677 1538 vi
693 1477 727 1537 et
751 1471 862 1558 vigore
886 1471 1057 1557 cujusdam
1081 1470 1298 1538 concessionis
1312 1487 1362 1535 eno
1374 1454 1436 1536 (so-¹

254 1573 450 1655 Abbatialis,
479 1575 631 1640 alienatae
664 1573 807 1650 fuerunt,
837 1579 871 1638 et
897 1578 1108 1651 extrancatae,
1131 1571 1301 1638 redierunt
1313 1552 1468 1669 ξξέζζᾱᾟῐ

255 1677 377 1742 iterum
398 1676 441 1742 ad
459 1681 613 1742 naturam
628 1697 721 1742 suam
744 1675 941 1762 pristinam3
965 1676 1156 1761 iterumque,
1171 1673 1302 1742 haerede
1313 1685 1356 1736 the
1367 1683 1467 1768 Abuey.

256 1777 437 1856 deficiente,
460 1779 664 1844 devenerunt
685 1778 722 1843 in
744 1777 888 1844 ecclesiae
911 1777 1152 1864 possessionem.

303 1880 399 1960 Item,
423 1880 502 1966 quia
523 1880 656 1946 ecclesia
677 1879 743 1959 illa,
765 1879 859 1945 velut
881 1879 1000 1945 ancilla
1029 1878 1143 1960 altera,
1164 1878 1202 1942 in
1230 1878 1301 1944 luto

258 1987 293 2048 et
323 1982 425 2050 letare
452 1983 574 2049 servire
606 1981 735 2060 dicitur,
758 2003 859 2069 prope
889 2003 987 2068 quum
1018 1981 1088 2047 alta
1120 1981 1303 2047 dominatio

258 2085 362 2150 trahit
392 2107 526 2163 moram,
560 2085 629 2153 sive
669 2085 873 2170 frequentius
904 2083 1109 2172 hospitatur3
1143 2084 1227 2163 ideo,
1259 2082 1303 2148 cd

258 2187 462 2253 liberandum
494 2209 586 2252 suam
609 2187 785 2266 ecclesiam,
808 2186 969 2252 ucetiam
1002 2185 1044 2250 cd
1070 2184 1303 2266 libertandum,
1316 2197 1431 2280 amme-

259 2290 302 2354 ab
326 2288 515 2376 hujusmodi
540 2311 658 2377 genere
689 2287 918 2366 ancillationis,
941 2288 986 2353 ad
1008 2286 1303 2375 expellendumque
1314 2266 1460 2386 fflffi‘

259 2397 329 2458 tam
360 2391 527 2469 locustam,
551 2413 649 2478 quam
680 2390 781 2456 etiam
804 2389 995 2469 ¹bruchum‚
1019 2411 1040 2454 a
1076 2389 1303 2455 devastatione
1316 2403 1396 2453 More.

259 2496 387 2582 segetis,
410 2517 447 2560 ac
468 2495 569 2560 etiam
592 2493 634 2558 ab
658 2493 845 2580 hujusmodi
868 2513 965 2559 onere
987 2492 1233 2571 molestationis,
1256 2491 1305 2558 di-

261 2597 340 2661 vine
372 2597 482 2684 potius
516 2595 700 2682 opitulante
734 2595 850 2681 gratia,
873 2616 973 2680 quam
1011 2594 1122 2681 aliqua
1159 2593 1306 2659 humana

261 2703 455 2786 cooperante
484 2696 658 2775 industria,
691 2695 887 2783 perquisivit
909 2694 992 2760 illud
1027 2694 1169 2760 solemne
1195 2715 1305 2782 sump·

262 2805 460 2887 tuosumque
482 2799 665 2866 manerium
689 2799 730 2865 de
756 2799 805 2864 La
827 2799 927 2877 More,
945 2798 1035 2884 quod
1056 2797 1142 2862 infra
1164 2797 1306 2862 ecclesiae

263 2902 407 2968 dominia
436 2902 597 2980 hincinde,
629 2906 663 2966 et
692 2901 907 2978 circumcirca,
929 2899 1016 2965 infra
1046 2899 1236 2966 Parochiam
1266 2898 1307 2963 de

265 3003 542 3069 Rikmersvorthe
566 3003 723 3082 situatur;
746 3003 918 3090 ipsumque
944 3001 1136 3080 manerium,
1154 2998 1308 3065 ¹obtenta

263 3107 353 3193 prius
368 3105 604 3192 gratiosissima
613 3105 712 3192 Regis
727 3104 870 3183 licentia,
880 3103 1105 3191 appropriavit
1119 3101 1225 3168 eidem
1241 3122 1308 3166 suae

263 3208 414 3287 ecclesiae,
429 3213 465 3273 et
487 3208 651 3294 propriam
675 3227 744 3272 esse
766 3205 852 3272 fecit.
890 3205 936 3269 Et
951 3205 1037 3272 circa
1051 3205 1136 3270 hanc
1150 3201 1310 3291 perquisi-

263 3311 387 3376 tionem
403 3315 438 3376 et
460 3309 766 3396 appropriationem,
783 3308 970 3395 exposuisse
991 3307 1095 3372 fertur
1112 3307 1148 3371 in
1163 3305 1310 3394 pecuniis

264 3411 360 3498 longe
382 3411 473 3477 ultra
495 3431 654 3476 summam
677 3410 780 3476 trium
803 3409 947 3475 millium
968 3429 1163 3474 marcarum.

301 3667 523 3719 meminus
786 3667 790 3734 ι
844 3629 1067 3735 espencaeus.
