3588 5838
445 867 489 941 72
776 889 975 942 nnossuauu
996 889 1156 942 mesum

277 1071 347 1126 ΔΙ).
357 1076 432 1126 14⁴⁸.
447 1066 467 1098 “
488 1061 589 1142 tibus,
603 1062 779 1143 Piioribus,
796 1063 954 1142 Ducibus,
970 1064 1165 1142 comitibus,
1186 1062 1382 1143 Beronibus,
1403 1057 1493 1124 Mili·

446 1167 464 1198 ‘⁴
487 1159 585 1242 tibus,
607 1167 641 1227 et
663 1161 816 1227 omnibus
850 1161 983 1228 ballivis
1005 1167 1040 1229 et
1068 1161 1221 1230 fidelibus
1243 1161 1321 1239 suis,
1343 1157 1492 1226 sulutem.

447 1266 465 1298 “
488 1261 608 1330 Sciatis
629 1286 688 1351 pro
718 1285 757 1330 eo
780 1264 880 1352 ·quod
910 1265 1069 1332 nonnulla
1088 1265 1209 1351 jocalia
1237 1269 1273 1330 st
1302 1264 1494 1333 ornamenta

447 1371 464 1400 “
486 1371 517 1432 ct
538 1373 656 1432 caetarc
679 1364 802 1453 (¹siout
822 1365 866 1434 isa
887 1367 998 1434 tribus
1018 1365 1179 1434 ’omma
1209 1365 1314 1454 eoquo
1334 1362 1492 1452 stupemus

449 1473 466 1503 ‘⁸
489 1468 681 1555 mosum?

278 1583 386 1635 hehe
495 1566 561 1636 ³Et
593 1570 675 1638 dicit
703 1571 844 1638 ulterius
874 1572 964 1638 idem
992 1572 1109 1639 Abbes
1131 1592 1228 1652 nunc,
1258 1569 1348 1657 quod
1376 1569 1409 1636 ei
1438 1567 1492 1634 vel

279 1650 398 1781 ffigffy
451 1671 587 1760 praefato
613 1673 842 1762 ptaedscsssori
867 1697 933 1754 ιιιο,
956 1696 1061 1762 nsque
1084 1673 1273 1763 Conventui
1296 1667 1493 1739 Monasterii

279 1783 322 1834 the
332 1782 419 1860 Abbot
451 1776 609 1862 praedicti
623 1798 685 1843 nec
699 1798 813 1844 eorum
834 1777 941 1856 slicui,
957 1799 1127 1864 nunquem
1145 1775 1211 1842 fuit
1232 1775 1385 1855 solutum,
1400 1771 1495 1838 salis·

279 1849 425 1966 fflmd
451 1877 583 1956 factum,
605 1899 665 1944 nec
687 1885 977 1967 recompensatum,
996 1880 1042 1946 de
1068 1877 1190 1946 eisdem
1209 1876 1370 1944 sexcentis
1391 1873 1493 1956 libris,

280 1983 430 2034 All-1⁴⁵2·
450 2001 510 2046 nec
532 1979 573 2046 de
596 1979 707 2066 aliqua
729 1981 871 2068 pamella
893 1981 1080 2048 earundem.

493 2081 540 2148 Et
561 2082 737 2169 praedictus
767 2105 855 2151 nuno
885 2083 998 2150 Abbes
1029 2083 1120 2160 dicit,
1145 2081 1233 2169 quod
1263 2101 1332 2146 una
1362 2079 1493 2167 integro

446 2184 573 2252 decima
594 2184 738 2252 Domino
762 2185 845 2274 Regi
866 2207 925 2273 per
939 2184 1072 2252 Olenum
1088 2182 1332 2251 Centumiensis
1355 2180 1492 2246 Provin-

445 2287 514 2364 cies,
543 2286 580 2351 in
612 2286 857 2354 convocatione
888 2309 956 2366 sua,
989 2287 1026 2353 in
1062 2285 1208 2354 Ecclesia
1245 2285 1360 2352 Sancti
1396 2281 1493 2350 Pauli

446 2387 697 2468 Londonisrum,
728 2389 782 2455 die
812 2389 939 2468 Martis,
968 2388 1130 2468 videlieet,
1153 2388 1260 2476 primo
1290 2387 1343 2453 die
1372 2387 1493 2452 mensis

444 2489 538 2568 sulii,
553 2511 641 2556 enno
663 2490 799 2557 Domini
821 2491 993 2558 millesimo
1008 2489 1331 2578 qusdsingsntesimo
1352 2487 1492 2575 quedm·

444 2589 566 2678 gesimo
600 2613 695 2673 nono,
725 2592 889 2670 inchoate,
919 2597 954 2659 et
983 2614 1087 2679 usque
1116 2591 1307 2658 vicesimum
1337 2594 1491 2656 octavum

445 2693 533 2759 diem
554 2694 676 2760 mensis
705 2694 865 2783 praedicti,
891 2699 1013 2761 extunc
1043 2693 1194 2782 proximo
1224 2697 1420 2780 sequentem,
1451 2690 1492 2757 de

444 2794 560 2861 diebus
581 2795 687 2862 indies
709 2795 911 2875 continuate,
927 2817 1078 2863 concesse
1098 2795 1186 2875 fuit;
1207 2799 1242 2860 et
1264 2793 1352 2881 quod
1366 2793 1492 2860 decima

445 2896 589 2964 Domino
605 2898 687 2987 Regi
710 2920 768 2986 per
781 2899 957 2987 praefatum
979 2920 1068 2964 nunc
1080 2897 1248 2964 Abbatem
1262 2917 1322 2984 pro
1336 2895 1491 2982 spiritus-

443 2998 531 3066 libus
560 3005 595 3066 et
624 2999 859 3089 temporalibus
889 3000 1010 3081 debita,
1034 3005 1069 3066 et
1098 3021 1157 3088 por
1188 2999 1298 3086 ipsum
1325 2997 1490 3065 Abbstcm

444 3101 533 3168 dioto
556 3103 698 3168 Domino
729 3102 813 3192 Regi
834 3103 999 3182 solvenda,
1022 3103 1060 3168 in
1081 3107 1154 3168 toto
1175 3101 1314 3189 attingit
1336 3100 1381 3166 ad
1402 3121 1490 3166 sum·

444 3225 532 3268 mem
542 3204 717 3290 sexsgints
727 3204 831 3270 trium
839 3205 1006 3284 librarum,
1023 3205 1134 3271 decem
1148 3203 1334 3284 solidorum,
1347 3209 1491 3290 quatuor

443 3303 661 3387 denariorum,
684 3310 719 3372 et
740 3305 942 3393 quadrantis
987 3305 1089 3372 Unde
1116 3305 1284 3394 praedictae
1314 3304 1426 3371 decem
1455 3311 1491 3372 et

444 3426 563 3471 novem
591 3406 686 3473 libuae
715 3412 751 3473 et
773 3406 945 3474 duodecim
974 3408 1070 3474 solidi
1099 3414 1179 3474 sunt
1208 3407 1364 3495 parcens
1407 3405 1491 3490 Qum

444 3507 556 3572 omnis
585 3513 620 3574 et
649 3509 786 3596 singula,
818 3516 849 3575 et
879 3517 1004 3578 omero.
1050 3510 1095 3577 Et
1118 3509 1204 3598 petit
1233 3509 1322 3595 quod
1349 3509 1420 3598 ipsc
1448 3509 1489 3576 de

443 3609 565 3674 eisdem
588 3609 699 3676 decem
721 3617 755 3676 et
776 3631 896 3677 novem
925 3611 1019 3678 libsis
1048 3618 1083 3679 et
1112 3611 1284 3678 duodecim
1305 3609 1427 3692 solidis,
1449 3617 1490 3678 ut

443 3710 591 3798 percellis
620 3711 743 3799 viginti
772 3711 931 3778 librarum
960 3713 1201 3801 praediotsrum,
1223 3734 1337 3780 versus
1362 3713 1489 3780 dictum

444 3812 625 3880 Dominum
647 3813 770 3901 Regem
792 3814 924 3901 quietus
950 3821 984 3880 ct
1014 3819 1210 3882 exoneratus
1239 3815 1371 3895 existet,
1389 3815 1490 3902 juxta

443 3914 596 3982 effectum
627 3915 830 3984 Litterarum
859 3916 1050 3984 Patentium
1081 3922 1117 3984 et
1147 3917 1257 3985 bissis
1278 3918 1437 4007 praedicti,
1459 3925 1490 3986 cl

444 4024 568 4085 ostatu
981 4045 984 4052 ⁴

620 4269 811 4360 Replicatis
832 4269 1013 4338 Altowsati
1033 4269 1181 4340 Domini
1202 4271 1310 4360 lisois.

278 4424 434 4490 ιιεριιωιιοιι
489 4411 558 4479 ³Et
580 4411 748 4478 Johsnnes
770 4412 945 4498 Vempsge,
960 4409 1019 4496 qui
1040 4431 1100 4497 pro
1117 4411 1261 4478 Domino
1275 4411 1365 4501 Rege
1383 4415 1491 4502 sequi·

277 4490 367 4625 {Q
377 4560 425 4612 At-
447 4519 513 4595 tur‚
545 4513 628 4580 dicit
660 4513 749 4601 quod
786 4512 948 4579 Dominus
979 4509 1052 4576 Rex
1082 4533 1170 4578 nunc
1199 4535 1258 4599 per
1286 4513 1397 4601 eliqua
1430 4537 1489 4603 per

479 4771 705 4836 ¹Seep.27,cnu.
1017 4772 1488 4835 'sseflrnlawomitted3tobs

478 4850 691 4903 mereamus
984 4851 1319 4918 supplicdinilluminsticn.
