3640 5842
501 924 673 974 consume
695 923 978 976 wumnmsrnnn
1001 925 1176 976 securum.
1290 915 1354 976 403

313 1115 332 1144 “
354 1111 560 1190 auctoritate,
583 1113 676 1178 litem
698 1112 785 1178 inter
807 1134 866 1177 nos
888 1117 924 1178 et
953 1118 1102 1178 nostrum
1131 1111 1354 1178 adversarium
1367 1120 1433 1171 AD.
1447 1124 1520 1172 1461.

314 1221 331 1247 “
349 1213 490 1300 juridice
504 1216 540 1278 in
550 1214 677 1300 judicio
692 1213 877 1280 terminare.
923 1214 1093 1280 Habemus
1108 1215 1208 1280 etiam
1223 1235 1354 1280 causam

312 1322 330 1350 “
353 1337 488 1402 aequam,
511 1321 642 1394 rectam,
658 1319 693 1381 et
711 1315 895 1402 jentamen
917 1315 996 1404 lege,
1016 1318 1093 1403 quia
1115 1317 1156 1382 de
1176 1317 1266 1381 omni
1283 1315 1354 1402 lege

313 1425 330 1454 ‘⁶
353 1423 387 1482 et
420 1419 510 1483 omni
538 1418 623 1503 jure,
655 1419 696 1482 de
733 1418 888 1504 omnique
924 1418 1085 1484 laudabili
1121 1418 1355 1485 consuetudine

312 1519 452 1606 “hujus
487 1521 590 1608 regni,
623 1520 755 1585 deberet
786 1521 905 1586 tertius
941 1520 1029 1586 filius
1065 1522 1134 1587 filio
1164 1525 1281 1607 quarto
1318 1521 1354 1585 in

311 1629 330 1656 “
346 1621 423 1708 jure
445 1622 651 1689 haereditario
673 1622 837 1688 anteferri.
884 1621 982 1688 Modo
1004 1623 1112 1710 palam
1135 1629 1263 1690 constat
1279 1623 1354 1688 uni-

313 1729 333 1760 “
354 1725 479 1812 cuique,
500 1725 722 1813 genealogiam
739 1723 1157 1812 RegisEdwardi'l'ertii1
1178 1727 1215 1790 in
1232 1724 1355 1791 recenti

313 1833 330 1860 “
352 1827 488 1892 habenti
504 1827 817 1905 commemoratione,
829 1827 1027 1906 Leonellum‚
1037 1828 1161 1894 Ducem
1169 1828 1354 1905 Clarentiae,

313 1933 333 1964 “
354 1951 374 1993 a
396 1951 462 2015 quo
483 1951 544 1995 noe
565 1929 728 1996 linealiter
750 1929 983 2008 descendimus,
1007 1931 1109 2017 ipsius
1130 1931 1229 1996 fidere
1248 1929 1354 1995 filium

312 2038 330 2068 “
351 2033 497 2114 tertium,
520 2031 706 2097 Johannem
729 2053 817 2110 vero,
844 2032 970 2098 Ducem
1001 2033 1208 2112 Lanoaetriae,
1238 2055 1259 2097 a
1288 2053 1354 2118 quo

313 2139 462 2200 “noster
487 2133 692 2200 adversarius
721 2133 886 2199 linealiter
915 2134 1132 2214 demandarat,
1156 2136 1225 2222 ejus
1255 2134 1355 2200 fuisse

313 2245 331 2270 “
352 2237 457 2302 filium
480 2241 657 2324 quartum3
675 2236 767 2322 juste
789 2237 899 2324 igitdr,
915 2243 950 2303 et
967 2237 1116 2323 juridice,
1139 2238 1179 2303 de
1201 2239 1356 2323 omnique

312 2345 331 2373 “
352 2337 431 2426 lege,
447 2340 542 2405 nobis
562 2340 599 2404 in
620 2339 830 2405 haereditario
846 2338 922 2426 jure
944 2361 1070 2407 coronae
1085 2341 1352 2428 postponendum.

313 2442 523 2508 “Habemus
543 2442 682 2508 ulterius
711 2442 915 2529 propositum
945 2465 1070 2521 sanum,
1100 2443 1353 2508 incurvabilem-

312 2552 330 2579 “
352 2566 415 2630 que
436 2545 670 2612 rectitudinem
692 2544 728 2608 in
749 2545 942 2623 intentione,
967 2546 1045 2632 quia
1066 2547 1162 2611 novit
1183 2546 1238 2611 ille
1255 2545 1353 2622 Deua,

313 2646 411 2732 “qui
443 2650 514 2712 tam
548 2647 645 2712 corda
666 2644 855 2712 ”adnitatur
886 2669 984 2733 quam
1016 2647 1116 2712 etiam
1138 2645 1263 2727 ³renes,
1295 2668 1355 2712 nos

313 2757 331 2783 “
352 2747 458 2813 ⁴nihil
480 2749 571 2815 aliud
594 2749 774 2832 intendere,
796 2750 861 2814 nisi
878 2749 935 2835 jus
958 2753 1117 2831 nostrum,
1140 2772 1200 2838 per
1220 2749 1289 2814 vim
1320 2753 1354 2815 et

313 2858 331 2900 ‘e
352 2850 544 2917 violentiam
578 2850 701 2938 injuste
733 2874 753 2917 a
784 2851 878 2916 uobis
910 2852 1090 2930 detentum,
1112 2873 1169 2939 per
1199 2851 1354 2939 gladium,

312 2961 330 2988 “
352 2976 427 3020 cum
449 2977 516 3020 non
537 2955 718 3041 poterimus
740 2977 798 3041 per
815 2955 992 3042 justitiam,
1014 2976 1202 3041 recuperare
1224 2955 1354 3030 iterum,

313 3063 331 3090 “
353 3077 550 3143 aegrumque,
573 3078 611 3122 ac
633 3057 734 3122 etiam
756 3057 934 3138 remissum,
956 3057 1049 3144 regni
1078 3057 1224 3143 regimen
1254 3057 1354 3121 refor-

312 3165 330 3192 “
351 3181 440 3224 mare
462 3159 499 3224 in
520 3158 646 3238 melius,
668 3181 706 3224 ae
728 3159 815 3224 bona
837 3165 871 3225 et
893 3159 1045 3238 dominia,
1068 3181 1126 3246 per
1147 3159 1306 3224 incuriam
1321 3163 1355 3224 et

313 3267 330 3294 “
353 3259 533 3325 socordiam
555 3283 576 3326 a
591 3283 709 3327 corona
730 3262 908 3348 deperdita,
923 3283 1075 3327 revocare
1096 3283 1208 3327 rursus
1231 3263 1274 3326 ad
1295 3283 1354 3326 na-

315 3366 332 3396 “
354 3367 464 3427 turam
488 3368 523 3428 et
545 3368 671 3429 statum
694 3364 843 3450 pristinae
865 3364 1084 3450 possessionis.
1131 3364 1177 3428 Et
1197 3363 1268 3430 haec
1290 3364 1356 3428 tria

313 3473 332 3500 “
353 3470 440 3546 sunt,
463 3473 598 3554 propter
619 3489 693 3553 quae
715 3466 799 3532 bene
821 3465 899 3531 licet
920 3466 1068 3552 gladium
1090 3466 1269 3545 extrahere,
1284 3465 1355 3551 jus-

314 3575 332 3602 “
353 3569 451 3653 teque
472 3589 574 3654 posse,
597 3568 721 3654 absque
747 3568 815 3634 ulla
838 3568 1042 3649 crudelitate,
1064 3567 1218 3657 proelium
1242 3573 1357 3636 contra

315 3677 333 3704 “
356 3670 580 3736 adversarium
603 3676 754 3736 nostrum
769 3693 992 3753 commovere;
1013 3671 1196 3737 affirmante
1211 3672 1356 3750 Metrico,

313 3779 332 3810 ‘¹
353 3773 578 3860 scribenteque
600 3773 644 3838 ad
665 3775 868 3860 propositum
889 3776 953 3841 isto
974 3774 1072 3840 modo
1086 3801 1140 3841 :—

360 3893 378 3919 “
400 3885 515 3950 ‘Tunc
537 3885 579 3951 de
597 3885 673 3972 jure
696 3886 772 3952 licet
793 3887 939 3952 indicens
960 3886 1045 3953 bella
1061 3887 1187 3973 jubere,

360 3995 378 4021 “
400 3985 510 4054 ‘Cum
543 3987 649 4054 bonus
682 3993 732 4054 est
764 3987 898 4068 bellans,
931 3993 965 4055 et
1002 4010 1098 4075 quem
1136 3989 1229 4054 decet
1265 4009 1357 4053 arma

404 4097 422 4124 “
445 4098 605 4156 ‘movere

360 4199 378 4226 “
401 4191 511 4260 ‘Cum
534 4193 664 4281 patiens
686 4193 858 4281 reprobam
880 4215 1010 4260 causam
1036 4193 1186 4260 videatur
1206 4191 1335 4270 habere,

361 4301 379 4329 “
402 4295 503 4363 ‘Non
525 4297 571 4362 sio
592 4296 680 4362 bella
702 4301 828 4384 queunt
850 4297 915 4362 dici
937 4295 1081 4363 crudelia
1102 4298 1195 4364 vene!

316 4490 435 4498 --..--
456 4493 541 4498 --.--
556 4493 572 4498 ..
603 4493 776 4500 ..-.--.q—-—

351 4608 358 4641 ¹
370 4609 499 4661 Leonellue
511 4611 574 4662 Dur
589 4612 730 4678 Clomtirr,
741 4631 758 4665 a
769 4631 816 4679 quo
893 4613 903 4648 ²
914 4621 1034 4665 scrutator
1044 4614 1071 4664 in
1082 4614 1138 4666 MS.

316 4685 460 4740 Edwarduc
481 4689 592 4751 Qucrm
609 4693 679 4742 ducit
696 4691 816 4760 originem,
893 4691 999 4742 ⁸Pea1m
1010 4692 1052 4744 rii.
1065 4699 1088 4745 9.

316 4767 480 4899 Ῑ-Ι-ᾙὰςίυιῑ
492 4771 567 4835 Note,
577 4773 613 4838 by
624 4771 693 4824 Lord
702 4771 817 4826 william
869 4768 874 4779 '
895 4772 905 4804 ⁴
916 4771 991 4822 nichil
1000 4772 1027 4822 in
1037 4773 1094 4826 MS.

1118 4937 1227 4999 002
