3668 5842
449 909 515 970 304
784 917 980 968 mersuri
1002 915 1160 966 Assius

278 1113 464 1164 AD·1⁴⁵⁸·“
485 1108 624 1173 fratrem
647 1107 725 1192 ejus,
756 1105 853 1172 dictis
888 1104 1010 1171 Comiti
1044 1105 1173 1183 Serum,
1205 1104 1329 1182 Aliciae,
1362 1105 1495 1171 Thomae

446 1221 462 1247 ‘¹
486 1210 637 1298 chylle,
661 1209 803 1290 Metildi,
825 1215 860 1275 et
882 1209 1029 1274 Johanni
1046 1207 1197 1295 Nevyile,
1220 1213 1259 1275 ut
1282 1229 1340 1295 per
1363 1207 1497 1274 recorda

446 1322 464 1350 “
487 1314 650 1380 dicturum
689 1312 878 1378 Scssionum
917 1316 1076 1398 cppsrct;
1115 1310 1276 1391 volumus,
1313 1309 1494 1390 laudamus,

445 1423 462 1451 “
485 1415 684 1494 ordinamus,
722 1419 756 1480 ei
799 1413 997 1500 judicemus,
1035 1423 1170 1500 propter
1218 1412 1497 1478 considerationes

446 1525 463 1555 “
486 1519 668 1605 medietas,
683 1515 772 1603 quod
788 1516 897 1582 dictus
911 1523 1025 1581 noster
1040 1515 1302 1602 consanguineus
1326 1513 1496 1594 Ricardus,

446 1625 464 1655 “
486 1620 602 1686 Comes
633 1620 761 1695 Serum,
795 1639 833 1684 ao
866 1617 948 1683 dicti
979 1617 1122 1683 Thomas
1154 1623 1189 1682 et
1221 1615 1398 1696 «Iohannes,
1434 1617 1497 1683 iiiii

447 1729 464 1760 ‘⁸
486 1725 546 1802 sui,
561 1722 742 1801 1relaxent,
763 1723 799 1786 ct
821 1719 964 1806 quilibet
994 1741 1107 1786 eorum
1137 1719 1276 1798 relaxet,
1297 1719 1495 1787 sufficienter

445 1833 464 1860 ‘⁴
486 1826 522 1890 in
559 1825 630 1912 lege
668 1844 780 1890 omnes
817 1843 962 1888 summes
998 1823 1183 1910 praedictos,
1216 1827 1252 1889 et
1286 1823 1496 1890 executiones

447 1933 464 1962 “
486 1925 672 1993 eenmdem.
717 1924 767 1990 Ac
794 1925 904 2002 etism,
927 1923 1015 2009 quod
1046 1923 1121 2012 ipsi,
1143 1932 1178 1991 ct
1212 1923 1353 2012 quilibet
1375 1947 1496 2006 eornm,

446 2029 685 2098 “sufficienter
717 2025 889 2093 ¹relsxcnt
923 2025 1099 2114 Redulpho
1121 2026 1256 2114 Verney
1286 2033 1320 2094 ei
1350 2029 1498 2096 Johenni

446 2140 464 2169 “
488 2131 661 2212 Stiwerde,
684 2151 791 2218 nuper
812 2129 1069 2196 vicecomitibus
1095 2129 1242 2196 civitatis
1263 2137 1388 2216 nostrae
1408 2133 1497 2199 Lon·

446 2245 464 2274 “
488 2236 671 2316 donicrnm,
702 2255 841 2321 quorum
875 2231 1036 2299 custodies
1069 2231 1179 2301 dictus
1200 2234 1363 2301 Dominus
1396 2235 1497 2324 Egre-

446 2347 464 2374 “
486 2339 606 2405 monde
638 2337 756 2418 fueret,
793 2342 929 2425 propter
965 2333 1276 2404 ²condemnati0nes
1312 2338 1496 2426 praedictcs,

448 2447 467 2476 “
490 2445 551 2506 sut
584 2445 711 2528 portem
743 2439 931 2521 eorundem,
964 2444 1010 2519 ct,
1043 2443 1178 2526 propter
1209 2439 1311 2506 finem
1340 2449 1497 2522 nostrum,

448 2552 465 2579 “
488 2543 688 2622 commissus,
712 2541 918 2608 omnimodas
940 2540 1092 2622 actiones,
1110 2561 1193 2630 ques
1213 2541 1287 2630 ipsi,
1305 2544 1360 2609 vel
1379 2544 1498 2631 aliquis

448 2655 466 2681 “
487 2647 644 2734 ipsorum,
666 2648 804 2732 possunt
834 2643 956 2709 hebere
986 2664 1100 2710 vorsus
1134 2644 1239 2711 dictos
1268 2667 1375 2733 nuper
1404 2645 1497 2714 Vice-

449 2755 468 2787 “
490 2749 634 2827 comites,
657 2752 791 2835 propter
822 2745 1100 2832 escepismentum
1130 2746 1211 2813 dicti
1241 2747 1377 2814 Domini
1399 2751 1498 2838 Egre-

448 2856 466 2888 “
489 2851 591 2918 mend
614 2855 711 2917 extre
732 2849 898 2936 prisonem
913 2853 1121 2931 nostramet
1142 2849 1288 2937 ipsorum
1307 2853 1499 2920 custodium.

450 2957 467 2988 “
491 2954 587 3032 Item,
610 2957 747 3042 propter
768 2951 915 3017 diverses
938 2951 1212 3019 considerationes
1233 2974 1295 3020 nos
1320 2961 1500 3036 moventes,

451 3063 469 3093 “
490 3058 653 3136 volumus,
684 3053 884 3132 ordinemus,
911 3053 1106 3140 judicemus,
1130 3061 1166 3121 et
1196 3057 1379 3140 laudemus,
1411 3058 1500 3147 qnod

450 3160 601 3226 “dictus
634 3157 798 3224 Dominus
836 3155 1054 3244 Egremondc‚
1085 3163 1164 3224 ante
1197 3159 1332 3227 Festum
1366 3161 1500 3229 Nativi-

450 3269 468 3298 “
490 3263 572 3328 tetis
604 3259 720 3328 Sancti
757 3257 921 3326 Johcnnis
958 3259 1118 3345 Baptistae
1154 3261 1304 3348 proximo
1340 3265 1501 3346 futurum,

451 3369 470 3399 “
492 3365 538 3430 sit
559 3363 727 3451 obligatus
741 3381 799 3447 per
832 3359 1092 3448 recognitionem
1114 3383 1217 3446 suem,
1239 3364 1276 3429 in
1298 3364 1501 3433 Ocnccliaric

451 3474 468 3501 “
490 3470 612 3544 nostre,
642 3463 733 3531 dicto
765 3467 880 3530 nostro
914 3465 1156 3552 consanguineo
1192 3465 1339 3548 Ricmdo,
1378 3469 1500 3537 Domiti

453 3575 470 3602 “
491 3568 620 3647 Serum,
651 3567 688 3632 in
720 3587 850 3634 summe
880 3570 1022 3652 quatuor
1055 3567 1198 3636 millium
1223 3591 1415 3653 marcorum,
1436 3571 1500 3639 sol-

451 3677 469 3704 “
490 3669 600 3736 venda
632 3667 723 3736 dicto
755 3667 879 3736 comiti
911 3669 973 3735 sub
1007 3669 1203 3750 conditione,
1226 3673 1315 3758 quod
1347 3675 1377 3742 si
1409 3675 1497 3742 idem

452 3777 471 3808 “
494 3772 658 3838 Dominus
679 3771 877 3860 Egremond,
892 3771 1034 3839 durente
1048 3772 1158 3840 decem
1182 3797 1343 3843 annorum
1358 3779 1500 3844 termino

451 3883 469 3911 “
491 3875 641 3963 proximo
673 3874 893 3962 sequentium,
914 3873 1079 3942 custodiet
1108 3898 1221 3964 pacem
1251 3885 1401 3948 nostrum
1422 3905 1500 3971 erge

452 3985 471 4013 “
492 3979 632 4045 cundem
667 3977 832 4044 Comitem
863 3977 990 4056 Surum,
1021 3983 1056 4043 ct
1093 3979 1216 4048 dictem
1245 3987 1391 4049 nostrum
1425 4005 1502 4052 con·

451 4088 470 4116 “
491 4081 713 4169 sanguineam,
737 4099 875 4146 uxorem
907 4101 1010 4158 susm,
1033 4101 1110 4146 suos
1138 4082 1232 4162 filios,
1254 4085 1444 4166 servientes,
1466 4091 1501 4153 et

453 4191 470 4220 “
492 4189 653 4265 tenentes,
677 4182 767 4269 quod
797 4187 921 4249 extunc
950 4181 1040 4248 dicte
1061 4185 1243 4273 recognitio
1267 4209 1336 4254 non
1358 4189 1404 4256 sit
1425 4211 1500 4256 cxc·

453 4293 472 4322 “
494 4294 621 4366 cutura,
659 4285 717 4351 sed
750 4283 867 4372 perdet
906 4305 1003 4349 suum
1040 4286 1195 4375 vigorem.
1249 4290 1296 4356 Et
1332 4292 1362 4357 si
1392 4291 1501 4359 dictus

452 4393 471 4424 “
493 4389 655 4454 Dominus
677 4385 883 4475 Egremonde
904 4407 972 4453 non
997 4389 1190 4457 custodierit
1210 4413 1323 4479 pacem
1345 4400 1502 4473 nostram,

453 4498 470 4570 ‘f
493 4496 533 4557 ut
547 4489 774 4579 praemittitur,
785 4495 819 4555 et
833 4487 894 4555 hoc
909 4487 1135 4558 demonstrato
1150 4492 1502 4585 Ocncclicnodngliae,

453 4598 471 4628 “
492 4599 528 4660 et
550 4593 680 4661 duobus
702 4589 908 4680 capitalibus
929 4591 1142 4676 Jnticiuiis
1156 4617 1216 4682 pro
1238 4601 1387 4686 tempore
1416 4599 1503 4666 exis-

486 4807 984 4950 ¹rgio=oshurc1cxctesgivcn¹
1037 4809 1386 4880 'moeremium

452 4893 547 4946 inii.
