3640 5842
447 889 512 953 344
778 909 976 959 naumurum
998 909 1152 960 armna

281 1090 465 1145 A·D·1⁴⁶⁹·“
486 1114 566 1179 gens
587 1095 733 1181 perfidiae
757 1097 873 1184 plenal
900 1121 975 1184 quae
996 1097 1146 1166 lBoccho
1168 1103 1203 1164 et
1225 1098 1347 1164 Veneri
1370 1096 1488 1184 saepius

448 1203 466 1230 “
490 1193 666 1276 limmolat,
691 1221 788 1285 quam
811 1201 965 1282 Bellonae,
988 1207 1048 1268 aut
1078 1203 1174 1268 fratri
1197 1201 1307 1282 Marti,
1330 1205 1391 1266 aut
1417 1200 1489 1278 hiis,

449 1305 466 1333 “
489 1303 645 1384 tanquam
666 1301 739 1366 Diis
762 1302 973 1390 dignioribus,
992 1305 1160 1370 immolare
1182 1304 1325 1370 festinat.
1366 1303 1490 1388 Ogens

447 1405 466 1436 “
487 1400 671 1466 instabilis!
696 1403 724 1468 Ο
740 1427 820 1490 gens
835 1407 1016 1472 mutabilis!
1037 1408 1161 1494 egens
1176 1406 1397 1472 fallaciaeree!
1416 1427 1490 1490 quae

449 1510 466 1536 ‘⁴
489 1524 555 1567 non
585 1509 718 1569 veretur
751 1507 908 1574 falsitatis
941 1510 1045 1596 argui,
1068 1509 1246 1575 dummodo
1278 1510 1315 1573 in
1348 1508 1489 1595 strepitu

448 1610 466 1639 “
489 1605 605 1670 bellico
628 1607 730 1674 latere
752 1607 884 1696 8ροεεεὴ
906 1611 969 1677 sub
992 1611 1192 1691 umbraculo,
1212 1617 1271 1676 aut
1293 1612 1329 1675 in
1351 1610 1421 1676 loco
1441 1633 1490 1675 re·

446 1712 466 1742 “
488 1707 571 1792 fugii
592 1708 702 1794 aliquo
725 1731 759 1776 se
782 1713 876 1778 tueri.
920 1714 950 1779 0
972 1719 1072 1800 gens!
1104 1713 1134 1778 0
1158 1733 1262 1800 genus
1287 1712 1487 1800 4genuinum

446 1814 466 1842 “
488 1809 695 1895 viperarum!
732 1815 862 1900 gemina
899 1815 1026 1881 ratione
1059 1815 1177 1880 merito
1212 1813 1488 1901 comparendum:

448 1917 466 1946 “
489 1912 602 1997 primo,
625 1913 702 1998 quia
724 1937 783 1981 nec
805 1922 968 1997 verentur,
989 1939 1048 1983 nec
1070 1917 1341 1994 verecundantur,
1363 1915 1487 2002 propri·

448 2020 465 2048 ‘⁴
488 2036 580 2079 orum
603 2014 808 2084 dominorum
825 2021 949 2084 viscera
964 2020 1141 2098 corrodere,
1158 2019 1334 2084 dummodo
1340 2024 1487 2103 ‘possent

448 2121 465 2148 “
488 2115 537 2180 illi
560 2115 698 2183 evadere
720 2125 875 2186 eventum
899 2121 986 2199 belli,
1005 2127 1038 2186 et
1060 2120 1181 2186 iterum
1204 2120 1246 2186 ad
1268 2118 1400 2208 propria
1419 2120 1488 2184 sinc

448 2225 466 2252 “
489 2218 625 2283 vulnere
658 2222 770 2288 redire.
826 2224 976 2290 Secundo
1011 2245 1097 2303 vero,
1129 2225 1206 2311 quia
1235 2223 1305 2309 jum
1335 2222 1487 2287 laborant

448 2331 465 2356 “
487 2324 568 2388 totis
585 2327 710 2393 viribus
733 2325 807 2390 illos
829 2347 962 2391 suorum
986 2326 1171 2392 aculeorum
1193 2325 1312 2413 gladiis
1334 2345 1486 2410 compun-

447 2435 464 2462 “
486 2450 570 2513 gere,
590 2431 646 2515 qui
668 2450 838 2514 nunquam
861 2450 914 2494 eos
937 2433 1159 2514 pupugerunt,
1188 2429 1257 2494 sive
1290 2433 1486 2514 puncturam

446 2538 464 2564 “
486 2532 689 2597 conabantur
725 2532 851 2596 inferre.
906 2531 935 2597 Ο
969 2535 1070 2618 gens!
1110 2530 1139 2596 Ο
1173 2553 1277 2619 genus
1309 2531 1485 2618 vipereum,

446 2639 464 2665 “
487 2634 596 2718 potius
619 2656 717 2720 quam
740 2633 919 2698 vicarium!
943 2631 1232 2720 lvirulentumque
1253 2633 1359 2720 magis
1388 2656 1485 2720 quarn

448 2739 465 2768 “
489 2732 699 2814 lveridicum,
722 2735 764 2800 ab
786 2734 876 2800 omni
897 2735 1032 2802 natione
1054 2737 1320 2822 nuncupandum.
1367 2736 1486 2802 Nobis·

446 2844 465 2871 “
486 2859 560 2902 cum
582 2838 703 2904 etenim
726 2837 893 2924 usquead
914 2842 1052 2902 mortem
1083 2843 1170 2904 stare
1200 2839 1422 2924 promiserant,
1453 2843 1488 2904 et

446 2949 463 2974 “
480 2941 560 3026 jam,
599 2942 736 3027 promise
799 2940 913 3019 fracto,
952 2941 1125 3026 animoque
1164 2941 1342 3026 potionata,
1380 2941 1485 3006 vitam

445 3049 463 3078 “
485 3044 581 3109 nobis
614 3043 765 3124 adimere,
799 3049 833 3108 et
866 3043 912 3107 sic
944 3043 991 3107 eis
1024 3064 1116 3108 suam
1151 3043 1284 3121 salvare,
1318 3043 1483 3109 festinant

443 3151 460 3180 “
484 3146 513 3211 Ο
536 3150 636 3233 gens!
667 3146 697 3211 0
719 3167 822 3232 genus
843 3145 1049 3231 generationi
1071 3145 1120 3209 illi
1145 3145 1287 3210 multum
1312 3145 1482 3230 persimile,

444 3252 462 3281 “
487 3269 561 3333 quae
583 3269 685 3333 prava
707 3253 765 3326 est,
789 3251 823 3313 et
853 3267 1013 3332 perversa,
1036 3252 1071 3312 et
1093 3247 1242 3312 infideles
1270 3245 1355 3312 filios
1381 3248 1485 3313 fertur

444 3357 460 3383 “
483 3348 625 3416 habere!
673 3349 750 3414 Fiat
776 3349 881 3434 igitur
911 3348 978 3413 illis
1004 3348 1105 3434 juxta
1136 3349 1350 3434 imprecatum
1373 3347 1485 3414 ⁷Psal-

444 3456 461 3484 “
482 3450 589 3516 mistae
603 3451 726 3531 :-filii,
748 3451 810 3516 hoc
841 3457 1034 3532 eutonium
1057 3449 1224 3537 ⁸orpbuni,
1259 3472 1376 3516 uxores
1406 3473 1483 3518 vero

442 3561 458 3587 “
481 3552 600 3631 vidue,
638 3551 897 3638 lejicianturque
934 3553 1072 3617 ulterius
1105 3553 1169 3639 ipsi
1199 3553 1240 3618 dc
1269 3553 1420 3619 omnibus
1449 3559 1484 3618 et

443 3654 622 3741 “singulis
652 3653 720 3720 suis
743 3653 948 3734 habitaculis,
973 3676 1045 3739 quae
1079 3655 1201 3722 alicubi
1230 3654 1318 3720 infra
1345 3677 1482 3742 regnum

442 3765 459 3791 “
483 3761 662 3821 noscuntur
684 3755 830 3822 habere.”

275 3873 331 3925 The
343 3875 430 3926 nobles
487 3858 623 3939 Quibus,
646 3880 720 3923 cum
743 3859 816 3923 aliis
839 3859 1014 3926 invectivis
1037 3859 1143 3936 variis,
1174 3859 1208 3923 in
1239 3882 1293 3924 cos
1323 3861 1482 3925 exclama-

272 3941 396 4071 ffitl’in
441 3963 525 4028 torie
547 3960 651 4040 dictis,
673 3962 789 4026 timere
818 3960 881 4026 sibi
912 3960 1008 4026 valde
1033 3967 1208 4046 coeperant,
1237 3961 1273 4025 in
1303 3962 1483 4047 timoreque

272 4044 373 4153 veneis
440 4065 574 4151 spiritus
596 4064 637 4130 de
666 4063 809 4130 remedio
838 4063 963 4150 puriter
988 4063 1201 4140 consulentes,
1224 4065 1336 4150 fugere
1367 4065 1483 4128 unani-

272 4139 416 4192 diruemus.
440 4167 538 4231 miter
567 4164 811 4232 concludebant.
856 4164 1012 4230 Clanculo
1041 4165 1152 4250 igitur,
1185 4169 1220 4228 et
1256 4165 1341 4230 circu
1377 4167 1483 4231 noctis

472 4407 615 4458 ¹Bucl=oin
626 4406 683 4457 MS.
1015 4405 1228 4468 vendentemque
1239 4406 1266 4454 in
1277 4405 1333 4457 MS.

470 4487 481 4520 ²
493 4485 613 4536 immulant
628 4522 635 4536 .
653 4523 658 4536 .
677 4522 684 4535 .
699 4485 824 4549 sustinuat
835 4484 861 4534 in
871 4485 928 4534 MS.
1013 4483 1024 4515 ⁸
1036 4483 1160 4533 uiridicum
1172 4483 1198 4533 in
1210 4483 1265 4534 MS.

471 4567 544 4617 ³For
554 4567 570 4594 “
580 4564 682 4630 possit?
699 4579 727 4614 us
750 4565 882 4631 suggested
901 4563 936 4627 by
1013 4563 1024 4600 ⁷
1037 4564 1083 4613 See
1099 4562 1179 4613 Psalm
1191 4564 1268 4613 eine

437 4647 546 4696 Hearno.
1016 4643 1027 4674 ⁸
1039 4642 1144 4709 eophuui
1154 4643 1179 4692 in
1191 4643 1248 4693 MS.

469 4726 479 4756 ⁴
491 4723 554 4774 Tun
566 4721 669 4774 vordis
685 4722 818 4784 doubtlu13
834 4721 936 4773 Hcame
1015 4722 1026 4755 ⁹
1037 4723 1201 4786 addaturque
1211 4723 1238 4773 iu
1250 4723 1306 4774 MS.

434 4805 508 4855 reuda
519 4803 540 4853 it
551 4819 579 4852 au
589 4799 745 4866 “punierint'’
