3668 5842
519 873 691 926 rensuum
713 871 997 924 wnrrnausrrnn
1020 873 1196 924 sncuunn.
1310 861 1373 930 271

332 1072 348 1096 “
371 1063 465 1150 signa
486 1062 640 1144 ostendis,
655 1063 713 1130 sed
734 1062 873 1149 pedibus
887 1061 940 1128 vis
961 1063 1097 1128 minime
1120 1062 1263 1129 introire.
1299 1062 1376 1128 scas
1388 1067 1456 1126 AD.
1471 1075 1543 1124 rrsr.

334 1173 352 1200 “
374 1166 411 1230 in
442 1166 535 1246 sicco,
565 1170 599 1232 et
632 1166 751 1232 stultos
783 1186 942 1254 pauperes
972 1166 1010 1231 in
1039 1165 1197 1254 voragine
1229 1165 1376 1232 fluminis

333 1267 478 1355 “perire
498 1267 586 1334 facis
625 1268 677 1334 Tu
699 1289 777 1335 vero
800 1267 926 1336 seducis
949 1267 1119 1356 simplices,
1136 1272 1170 1334 et
1191 1291 1261 1334 non
1282 1273 1377 1334 ante-

333 1375 350 1406 “
372 1371 466 1437 cedis
512 1371 565 1436 Tu
593 1376 688 1458 pater
713 1369 855 1452 nomine,
880 1375 914 1436 et
945 1391 1014 1436 non
1038 1369 1075 1436 in
1101 1393 1144 1450 re,
1168 1371 1374 1458 nuncuparis

332 1471 501 1540 “Sufficit
530 1472 595 1538 tibi
625 1495 699 1539 cum
731 1472 809 1538 filiis
838 1494 904 1538 non
927 1472 1120 1560 inquietare,
1152 1473 1209 1539 sed
1239 1473 1377 1560 singulis

333 1583 350 1610 “
371 1575 476 1654 annis,
509 1597 599 1642 more
618 1573 827 1654 'Graecorum
862 1575 1103 1642 circumducere
1139 1575 1376 1641 comminando.

332 1685 350 1712 “
371 1677 605 1756 Veruntamen,
636 1677 666 1744 si
698 1677 734 1744 in
764 1682 854 1744 terra
890 1681 1005 1743 nostra
1034 1699 1167 1742 monere
1203 1676 1377 1756 desideras,

333 1787 351 1816 ‘⁴
372 1785 463 1847 ecce!
495 1779 696 1846 Ihernselem
725 1779 1001 1867 gloriosissimam,
1023 1779 1185 1858 Acheron,
1209 1777 1376 1866 Tripolim,

333 1883 468 1948 “urbes
497 1881 750 1970 potentissimas,
779 1882 845 1948 tibi
874 1886 910 1949 et
939 1881 1017 1947 filiis
1047 1882 1115 1946 tuis
1145 1881 1318 1968 sperimus,
1344 1885 1378 1946 et

331 1990 349 2020 “
370 1985 576 2058 concedimus
612 2006 770 2072 reparare,
809 1985 859 2050 ita
895 1990 936 2050 ut
973 1985 1041 2050 sint
1078 1983 1175 2050 nobis
1219 1988 1378 2072 perpetue
1452 1973 1457 1983 ¹

332 2093 351 2121 “
371 2088 559 2167 censualem
589 2109 627 2154 sc
653 2087 696 2152 ad
727 2087 915 2175 speluncam
948 2086 1106 2153 Crucifixi
1139 2086 1268 2153 sslvum
1301 2107 1377 2152 con·

331 2189 506 2258 “ductum
529 2189 690 2256 universis
712 2189 999 2266 communicamus,
1026 2191 1160 2276 propter
1181 2210 1320 2254 munera
1341 2193 1377 2254 et

332 2298 349 2324 “
370 2292 506 2358 donaria
536 2291 741 2359 oblationum
775 2313 915 2358 suarum.
972 2291 1086 2377 Surge,
1117 2290 1235 2357 invoca
1268 2290 1377 2356 Deum

332 2401 350 2429 “
373 2401 479 2474 tuum,
502 2399 543 2460 ut
565 2399 693 2460 tentem
723 2394 902 2461 stultitiam
933 2398 1103 2481 temperet,
1127 2399 1162 2460 et
1188 2394 1288 2482 capiti
1318 2398 1377 2459 tuo

331 2507 349 2535 “
370 2499 446 2586 puri
467 2498 654 2565 intellectus
675 2498 831 2565 restituat
853 2498 1037 2565 sanitatem
1078 2498 1116 2563 si
1139 2503 1249 2564 autem
1264 2497 1377 2564 venire

330 2607 349 2637 “
370 2602 534 2690 proponis,
549 2623 618 2666 non
638 2601 777 2688 accipias
800 2605 853 2667 tot
874 2623 1034 2667 annorum
1057 2601 1171 2690 spatia
1192 2601 1230 2666 in
1251 2604 1378 2688 protra-

332 2711 349 2741 “
370 2704 486 2770 hendo.
530 2702 614 2772 Cum
636 2704 724 2769 enim
746 2726 825 2770 euro
848 2709 883 2769 et
905 2709 1051 2790 argento,
1075 2703 1243 2790 speciebus
1266 2703 1377 2769 electis

331 2915 349 2945 “
371 2910 501 2976 sitimus
522 2914 644 2997 praeter
665 2909 859 2997 sanguinem
875 2909 1160 2986 Christianorum
1184 2913 1218 2973 et
1240 2908 1315 2974 ideo
1337 2915 1377 2973 ut

330 3022 347 3048 “
370 3011 431 3077 filii
452 3013 505 3078 tui
520 3010 701 3097 ³msrtyres
722 3017 757 3078 et
772 3010 967 3078 confessores
989 3011 1080 3091 fiant,
1096 3009 1238 3077 accelera
1257 3015 1297 3075 ut
1319 3033 1378 3097 per

331 3123 348 3150 ‘⁶
371 3136 424 3180 eos
438 3136 594 3180 numerus
609 3113 815 3201 4martyrum
837 3115 1048 3200 complentur,
1065 3112 1165 3178 etiam
1181 3117 1220 3178 ut
1237 3113 1377 3199 juvenes

332 3224 351 3252 “
371 3222 590 3298 renascantur,
602 3216 668 3304 qui,
681 3221 856 3304 paternum
871 3215 1078 3281 vindicasses
1092 3237 1248 3294 cruorem,
1259 3215 1303 3280 ad
1317 3236 1377 3280 nos

330 3327 347 3354 ‘⁴
369 3325 552 3407 properent,
573 3339 689 3406 poenas
719 3317 901 3384 consimiles
928 3317 1146 3405 deportantes.
1191 3317 1377 3384 Crucifixus

332 3427 349 3456 “
372 3427 457 3502 tuus,
480 3421 633 3507 bajulans
659 3421 796 3509 lignum,
821 3421 906 3487 sicut
929 3421 1082 3501 tudinis,
1106 3421 1148 3487 ad
1171 3420 1278 3488 locum
1300 3441 1376 3508 sup-

333 3532 349 3560 “
370 3524 470 3611 plicii,
493 3528 616 3589 terram
638 3545 706 3589 sues
736 3523 926 3589 nativitatis
947 3522 1084 3589 minime
1106 3523 1232 3590 salvare
1258 3524 1377 3612 potuit,

332 3633 351 3664 “
372 3631 408 3692 et
422 3631 470 3704 tu,
484 3630 525 3691 ut
539 3626 709 3692 thesauros
725 3626 833 3691 nostri
851 3623 991 3691 dominii
1012 3625 1185 3712 possideas,
1200 3625 1286 3692 filios
1301 3631 1377 3693 tuos

332 3737 348 3764 “
369 3728 519 3816 praecipis
540 3749 601 3795 nos
623 3728 809 3796 debellaret
852 3727 924 3792 Nos
945 3727 1137 3794 dormiendo
1158 3729 1320 3816 siquidem
1342 3734 1377 3796 te

328 3837 345 3866 “
368 3835 587 3919 expectamus,
603 3851 663 3897 nec
684 3837 780 3897 tuum
802 3829 983 3895 adventum
1006 3829 1124 3916 aliquis
1148 3830 1269 3897 audent
1290 3831 1377 3896 exci-

330 3938 348 3969 “
370 3937 448 3999 tare.
486 3933 521 3998 N
523 3955 558 3999 os
570 3933 702 4020 quidem
718 3938 832 4015 castra,
847 3931 988 4012 castella,
1004 3932 1161 4011 civitates,
1177 3933 1377 3998 munitiones

330 4042 349 4072 “
371 4035 616 4114 munitissimas,
639 4035 877 4115 inhabitamus,
894 4038 929 4100 et
943 4039 990 4114 tu,
1006 4033 1077 4100 sine
1092 4039 1181 4100 tecto
1195 4035 1295 4100 unius
1310 4033 1377 4100 diei

331 4143 350 4173 “
372 4138 486 4226 spatio,
501 4144 614 4204 nostra
629 4138 756 4224 qursris,
770 4138 830 4224 qui
844 4158 905 4202 nec
920 4136 1052 4223 propria
1074 4135 1196 4223 poteris
1211 4137 1378 4202 retineret

330 4245 347 4275 “
370 4241 455 4329 Lege
477 4239 639 4320 subtilius,
667 4239 801 4327 disputa
823 4238 994 4305 ‹liseretius
1005 4262 1016 4318 3
1050 4242 1133 4324 puto
1155 4237 1242 4324 quod
1273 4259 1377 4304 anno·

331 4349 349 4380 “
371 4366 445 4409 rum
474 4342 636 4411 curricula
667 4341 815 4409 nondum
840 4345 1012 4420 venerunt,
1035 4340 1123 4426 quod
1153 4361 1291 4427 regnum
1313 4340 1376 4406 Ju-

330 4452 348 4484 “
370 4447 516 4513 decorum
545 4445 651 4512 redire
673 4443 792 4511 debeat
822 4445 952 4521 iterum,
975 4447 1009 4526 et
1040 4441 1191 4530 gentium
1217 4441 1375 4531 dissipare

364 4738 650 4790 ¹tadundemusinMS.
908 4719 1148 4785 maanus.

361 4817 561 4872 restuinus.
908 4811 1159 4864 wensinus.
