3582 5838
507 891 683 944 comunis
704 887 991 944 uumerusrnnu
1012 891 1190 944 ancurna.
1295 881 1358 947 199

316 1088 334 1118 “
355 1087 480 1164 nostra,
496 1082 605 1171 quoad
619 1081 795 1172 praemissa,
810 1103 867 1148 seu
881 1082 1014 1168 aliquod
1028 1079 1277 1167 praemissorum,
1294 1101 1361 1146 non
1372 1091 1442 1145 an.
1455 1097 1527 1144 rasa.

315 1193 334 1222 “
357 1185 452 1252 cedat
480 1186 518 1251 in
540 1185 728 1266 ¹damnum,
753 1183 987 1273 praejudieium,
1010 1185 1064 1250 vel
1093 1205 1279 1271 gravamen,
1302 1188 1362 1249 aut

316 1295 334 1324 “
356 1289 611 1378 derogationem,
634 1289 773 1375 alicujus
807 1288 943 1353 ulterius
975 1309 1130 1374 personoe,
1158 1309 1256 1373 quam
1289 1309 1361 1372 per·

315 1400 334 1428 “
356 1413 446 1460 sonae
467 1399 590 1460 nostrae
613 1393 799 1471 duntaxat3
820 1413 882 1457 nee
896 1393 984 1477 quod
1005 1412 1148 1477 praesens
1168 1389 1379 1479 perdonatio.

315 1502 332 1530 “
355 1499 477 1574 nostra,
499 1517 560 1560 neo
590 1495 700 1582 aliqua
730 1493 919 1581 hujusmodi
951 1494 1144 1581 perdonatio
1174 1499 1297 1572 nostra,
1318 1493 1362 1559 ad
1396 1519 1400 1530 ·

317 1606 334 1634 “
355 1598 483 1684 aliquos
505 1619 641 1685 magnos
662 1601 892 1684 computantes
913 1601 1050 1677 nostros,
1074 1597 1132 1682 qui
1165 1617 1253 1662 nuno
1274 1601 1361 1678 sunt,

317 1706 334 1736 “
357 1701 411 1766 vel
443 1702 501 1787 qui
538 1722 644 1788 nuper
675 1701 819 1780 fuerunt,
854 1698 1017 1778 videlicet,
1051 1699 1094 1765 sd
1131 1699 1362 1766 Thesaurarios

316 1813 333 1840 “
356 1803 492 1870 Calesiae
515 1809 550 1870 et
565 1804 714 1892 Hospitii
735 1802 851 1881 nostri,
874 1803 1056 1869 vitellarios
1079 1801 1225 1882 Calenius,
1249 1803 1362 1869 Came-

318 1917 334 1944 “
357 1909 459 1976 rarios
474 1907 621 1989 Cestrise,
636 1906 874 1986 Northwellioe,
890 1911 925 1972 et
947 1906 1184 1986 southa-allice,
1201 1906 1362 1972 Custodes

317 2019 334 2048 “
357 2011 554 2078 Garderobae
577 2009 724 2098 Hospitii
738 2009 853 2089 nostri,
873 2014 933 2075 ant
950 2008 1111 2075 Custodes
1132 2009 1264 2096 Magnes
1279 2009 1361 2074 Gar·

315 2121 334 2148 “
356 2113 486 2180 deroboe
508 2117 640 2190 nostrae,
656 2117 716 2177 aut
738 2111 897 2178 Custodes
919 2112 990 2177 slve
1011 2113 1142 2178 elericos
1164 2111 1361 2178 Garderobae
1463 2181 1466 2190 ,

315 2223 333 2252 “
355 2222 486 2296 nostrae,
502 2216 633 2282 clericos
651 2215 878 2302 operationum
893 2215 1361 2293 nostrarum,Constabularios

315 2329 333 2356 “
355 2319 572 2408 Burdegalise,
595 2319 825 2384 Thesaurarios
847 2323 944 2384 terrae
969 2323 1092 2384 nostrae
1116 2317 1296 2398 Hiberniae,
1327 2323 1362 2384 et

317 2430 334 2458 “
357 2423 553 2509 Receptores
586 2421 736 2488 Ducatus
766 2421 873 2487 nostri
907 2420 1105 2486 Lanoastriae
1142 2426 1177 2486 et
1214 2421 1362 2487 Ducatus

316 2533 334 2560 ‘⁴
356 2525 461 2590 nostri
493 2523 677 2603 Cornubire,
710 2527 779 2589 tam
812 2523 979 2611 generales
1011 2545 1110 2609 quam
1140 2524 1363 2610 particulares,

317 2628 468 2714 “quoad
491 2627 602 2713 aliqua
623 2625 813 2713 hujusmodi
836 2626 941 2692 officia
963 2647 1031 2706 sua,
1056 2645 1114 2690 seu
1137 2626 1364 2713 occupationes

317 2730 549 2817 “hujusmodi
578 2751 661 2808 suas,
699 2733 759 2794 aut
792 2729 929 2816 alicujus
963 2729 1150 2808 eorundem,
1181 2729 1363 2816 tangentia,

316 2842 333 2868 “
356 2833 423 2898 ullo
438 2832 535 2898 modo
549 2853 584 2898 se
599 2833 766 2898 extendat.
813 2831 854 2896 In
870 2831 963 2918 cujus
985 2831 1033 2896 rei
1055 2831 1289 2912 testimonium,
1305 2831 1364 2896 has

317 2943 335 2972 “
357 2935 501 3002 Iitteras
519 2938 649 3000 nostras
665 2933 801 3001 fecimus
816 2933 889 3000 fieri
911 2933 1074 3000 Potentes.
1119 2933 1217 3000 Teste
1231 2934 1363 3021 meipso,

316 3045 334 3074 '⁸
356 3039 445 3126 apud
460 3037 796 3116 Westmonasterium,
812 3036 937 3102 decimo
958 3041 1073 3102 octavo
1088 3035 1142 3102 die
1157 3035 1364 3117 Novembris,

317 3147 335 3176 “
357 3163 444 3207 anno
466 3140 560 3228 regni
581 3140 687 3206 nostri
708 3139 872 3206 tricesimo
894 3139 1039 3225 quaro?

317 3492 496 3562 Processere
531 3491 780 3572 dostmldiouis,
814 3491 882 3559 sdic
920 3490 1149 3580 depositionis,
1188 3489 1367 3580 wiredum

406 3593 602 3662 muudus
624 3594 751 3683 equini,
773 3595 904 3662 sousa
923 3615 986 3682 per
1007 3594 1188 3682 wordum
1210 3593 1365 3661 moeoti-

407 3697 500 3764 tiam
516 3697 617 3785 infra
631 3697 753 3764 cilium
774 3695 815 3764 de
836 3697 1004 3783 Wotsordc
1018 3697 1122 3774 erecti,
1138 3697 1181 3764 io
1197 3697 1366 3764 iccium

407 3798 569 3881 Ecolcsioe,
593 3821 633 3866 cc
656 3799 761 3868 stium
781 3799 966 3886 injurium,
990 3799 1139 3888 quotidie
1161 3800 1323 3888 occupati.

363 3983 521 4050 ³Anno'
511 3987 646 4070 rtaque·
655 3982 729 4063 ist,o
754 3985 909 4069 tempore,
940 3983 1071 4060 scilicet,
1101 4003 1139 4046 eo
1169 4001 1235 4067 quo
1266 3981 1323 4048 Sol
1345 4003 1413 4056 aso
1413 4003 1448 4054 lm

318 4089 410 4154 lance
426 4085 536 4152 Libra
555 4090 740 4164 recesserat,
755 4085 1000 4172 peragratisque
1016 4083 1127 4170 Signis
1142 4083 1267 4163 mediis,
1282 4105 1440 4188 pemeus
1378 4070 1524 4202 cressey?

323 4211 425 4278 usque
440 4189 675 4276 Capricornum
691 4185 985 4275 appropinquabat,
1009 4187 1062 4252 vir
1084 4185 1218 4271 quidam
1242 4185 1365 4252 adven·
1351 4145 1475 4254 iader
1458 4219 1493 4268 up
1474 4153 1529 4202 ger,

320 4294 450 4372 titius,‘
452 4291 498 4358 J
502 4289 648 4358 ohannes
672 4289 878 4377 Chertesey”
899 4293 1044 4370 vocatus,
1068 4287 1257 4370 inhabitans
1279 4270 1493 4388 infruff'g‘}w

319 4395 437 4460 villam
460 4394 501 4460 de
523 4393 619 4460 Watt
587 4393 737 4473 tteforde,
761 4399 796 4459 et
817 4393 866 4458 ibi
887 4413 988 4480 prope
1014 4390 1102 4457 villae
1125 4389 1270 4454 medium
1293 4390 1367 4454 hos·
1377 4403 1517 4456 wstrorde.

321 4498 443 4585 pitium
473 4501 599 4574 tenens,
628 4495 718 4562 rexit
747 4517 781 4560 se
812 4517 871 4583 per
900 4492 1181 4579 aliquantillulum
1210 4493 1366 4579 temporis

352 4727 605 4795 ldmupsaoainlds.
869 4729 900 4776 bc
912 4723 1063 4789 supplicdin
1075 4723 1250 4776 illuminatior.

353 4809 430 4860 ²'1'he
448 4809 503 4859 first
519 4809 592 4858 letter
608 4805 632 4857 is
650 4804 772 4866 omitted;
795 4813 822 4854 to
