3640 5842
527 904 700 954 romums
722 905 1007 956 unarmusraoa
1029 906 1204 958 saturon.
1333 895 1397 960 323

351 1455 554 1525 ‘Adventus
585 1455 733 1524 Domiaa'
765 1455 867 1543 Reqis
897 1477 976 1544 erqo
1007 1457 1144 1526 Festum
1177 1459 1316 1528 Posoltoe
1350 1461 1397 1529 ad

359 1557 362 1568 '
438 1559 689 1626 Mouusterium
699 1585 713 1641 ;
742 1579 978 1646 processusque
1009 1559 1115 1628 breuis
1152 1561 1192 1628 de
1230 1562 1396 1648 sepimine

438 1668 468 1728 et
488 1661 731 1748 qubeuaute'oae
753 1660 867 1748 ipsius
889 1660 1025 1730 ibidem.

396 1871 531 1938 ²Finito
561 1873 689 1959 plenius
720 1895 807 1938 anno
829 1873 976 1959 septimo,
1000 1871 1172 1960 elapsoqus
1203 1896 1285 1962 pene
1316 1881 1395 1945 anni
1408 1876 1563 1928 A.D.1459.

351 1975 518 2063 sequentis
551 1975 691 2040 termino
721 1975 836 2060 prim0,
857 1995 957 2061 prope
983 1973 1068 2039 illud
1098 1980 1236 2063 tempus,
1260 1999 1324 2065 quo
1359 1982 1394 2048 in
1407 1954 1542 2086 &3³¹¹ss

351 2077 443 2143 asino
477 2076 631 2142 veniebat
655 2077 816 2143 Dominus
838 2075 959 2142 dhesus
982 2075 1223 2158 Jerusolimam‚
1247 2081 1291 2146 ad
1314 2083 1395 2150 0010-
1407 2089 1495 2138 Emter
1505 2095 1532 2138 at

351 2179 515 2246 araneum
548 2179 671 2245 ibidem
709 2178 833 2244 Pascha
870 2199 943 2244 eum
982 2159 1261 2265 discipularum,
1301 2186 1395 2251 vena
1408 2155 1563 2206 semma.

352 2282 452 2348 etiam
475 2281 636 2348 Dominus
658 2285 771 2346 noster
785 2280 859 2345 Rex
879 2280 923 2345 ad
938 2279 1183 2360 Monasterium,
1199 2283 1242 2348 ad
1256 2286 1395 2352 mandu-

353 2385 492 2451 eandum
517 2383 641 2448 ibidem
675 2381 840 2468 agnellum
863 2381 1060 2460 Paschalem,
1083 2404 1157 2450 eum
1191 2386 1339 2454 Ducibus
1362 2395 1397 2455 et

352 2486 545 2563 comitibus,
568 2506 642 2551 oum
674 2484 859 2551 Beronibus
885 2489 920 2550 et
954 2483 1128 2565 Militibus,
1151 2508 1226 2553 oum
1258 2490 1395 2578 aliisque

352 2590 453 2657 variis
475 2588 640 2655 nobilibus
662 2610 699 2653 ae
721 2586 937 2652 familiaribus
956 2585 1032 2654 suis.

398 2693 470 2774 Quo
493 2690 699 2771 mandueato,
735 2694 768 2754 et
791 2688 939 2754 Pasehali
961 2694 1108 2776 tempore
1141 2714 1225 2779 pena
1254 2699 1395 2780 peraeto,
1409 2691 1499 2768 Besqre

353 2794 522 2884 proposuit
551 2794 616 2858 iter
646 2791 785 2878 arripere
815 2813 927 2857 versus
956 2791 1153 2875 Londonias,
1176 2795 1219 2859 ad
1251 2817 1394 2862 commu·
1407 2757 1552 2889 misy

353 2896 530 2962 nicandum
567 2895 691 2960 ibidem
728 2915 802 2959 oum
836 2893 930 2980 regni
963 2894 1109 2980 praelatis
1140 2901 1175 2962 et
1207 2899 1394 2984 proceribus
1407 2862 1561 3006 ξξεῗὲῑῦ,

353 3021 450 3086 super
472 2998 670 3064 ambassiata
700 2995 863 3064 mittenda
891 2995 928 3058 in
958 2991 1127 3076 'Italiam
1158 2997 1201 3062 ad
1230 3000 1394 3083 quoddam
1409 3024 1548 3073 maetobe

353 3101 477 3190 grande
499 3099 682 3167 Concilium
705 3097 836 3178 ibidem,
859 3097 895 3161 in
917 3097 998 3162 urbe
1022 3097 1181 3178 Mantua,
1202 3122 1259 3186 per
1283 3101 1396 3168 Domi·
1410 3088 1485 3154 given
1500 3089 1566 3140 ²⁰³²·

353 3226 433 3270 num
455 3202 679 3290 Apostolioum
700 3201 737 3264 in
752 3199 901 3287 proximo
921 3199 1157 3266 celebrandum.
1204 3203 1397 3291 Priusquam

353 3311 464 3372 tamen
498 3328 518 3370 a
550 3303 749 3370 Monasterio
781 3302 954 3380 resederet,
976 3301 1077 3387 jussit
1108 3305 1235 3370 custodi
1266 3329 1397 3374 suarum

352 3408 514 3488 tubarum,
539 3411 576 3472 ut
606 3410 717 3493 togam
747 3425 840 3470 suam
875 3404 1041 3490 optimam,
1073 3426 1138 3492 qua
1168 3409 1397 3476 tantummodo

354 3511 406 3576 die
428 3511 532 3588 unico,
547 3514 693 3595 tempore
709 3506 865 3585 Paschali,
880 3528 959 3572 usus
980 3507 1097 3587 fuerat,
1120 3509 1265 3576 traderet
1281 3511 1396 3590 Priori,

351 3635 412 3700 pro
435 3617 515 3676 tuno
539 3611 699 3697 praesenti,
723 3631 759 3674 ae
781 3609 882 3675 etiam
897 3607 1059 3674 liberaret.
1105 3609 1155 3674 Da
1178 3633 1243 3697 qua
1253 3613 1397 3698 jussione
1410 3617 1465 3666 The

352 3713 609 3779 ⁴Thesaurarius
630 3711 722 3799 regni
745 3711 890 3789 audiam,
913 3716 947 3775 et
969 3711 1074 3798 ipsam
1089 3711 1191 3778 solam
1216 3715 1395 3781 Dominum
1409 3685 1559 3810 ffiffi‘q

353 3815 475 3903 Regem
516 3815 618 3880 statui
656 3835 714 3879 suo
752 3817 990 3898 competentem
1038 3812 1159 3879 habere
1197 3815 1566 3903 inqeffigens‚aramatter

353 3919 507 3984 eonvenit
528 3917 677 4005 protinus
700 3937 774 3981 eum
789 3915 909 3993 Priore,
932 3914 1257 4002 redemptionemque
1273 3919 1396 3984 faciens
1410 3881 1532 4012 ‘fflff

352 4041 411 4106 pro
441 4020 682 4106 quinquaginta
713 4019 837 4098 mareis,
866 4016 1015 4098 retinuit,
1049 4017 1109 4082 vix
1139 4017 1229 4104 Rege
1263 4041 1397 4086 eonsen-
1411 4019 1442 4063 ⁵⁰
1454 4013 1544 4064 marks

353 4122 465 4202 tiente,
490 4123 595 4208 ipsam
617 4121 654 4185 in
676 4141 763 4206 pase,
786 4119 823 4182 in
845 4139 941 4184 usum
964 4118 1064 4187 illius.

388 4450 474 4500 ¹Aeta
492 4451 517 4500 ia
535 4464 599 4498 uano
614 4446 740 4498 lubomir
760 4443 852 4498 Octavi
902 4442 1235 4514 suppliedinillumination.

353 4537 486 4580 aluva-
497 4527 697 4593 Supemeription
724 4532 751 4575 to
779 4523 852 4575 folior
935 4519 1068 4572 ³Ytalium
1079 4521 1105 4572 in
1116 4522 1171 4574 MS.

356 4611 514 4661 lton-149
523 4609 548 4658 b.
937 4601 1029 4656 ⁴J0hn
1045 4602 1146 4667 hibet,
1163 4603 1223 4655 Bul
1243 4605 1273 4656 ol
1293 4605 1402 4660 Shrews·

388 4684 766 4748 'lbeflrrtletteriromitteh
784 4684 855 4739 robe
904 4684 977 4748 bury.
1250 4755 1269 4817 2

1201 4767 1225 4816 X
