3560 5838
456 861 523 926 420
791 876 989 928 eeorsmuu
1011 875 1168 927 decimu

291 1075 360 1128 A.D.
374 1081 445 1130 reor.
502 1061 550 1129 Et
587 1062 706 1144 caeteri,
737 1085 877 1151 quorum
913 1065 1051 1132 nominc
1086 1064 1315 1132 inscribuntur
1343 1062 1435 1145 olibi,
1464 1061 1501 1126 in

457 1163 609 1251 Regietro
632 1165 744 1247 altero,
767 1188 943 1254 parumper
964 1167 1114 1234 breviori.

292 1279 444 1332 condimen
501 1267 642 1333 Finiunt
663 1270 749 1334 Acte
770 1269 808 1335 iu
836 1271 935 1335 Auno
964 1269 1118 1336 Decimo:
1148 1269 1225 1336 finit
1253 1269 1355 1336 etium
1383 1272 1419 1334 et
1448 1267 1502 1333 hic

291 1347 378 1465 ᾖξ’
456 1368 549 1436 labor
570 1370 747 1458 scriptoris,
769 1370 847 1458 quia
868 1371 960 1438 uenio
982 1371 1091 1439 fuerat
1113 1378 1312 1460 praeventue,
1338 1391 1501 1459 praeoocu·

455 1477 554 1560 potus
590 1493 669 1539 vero
706 1473 828 1539 morbo.
886 1473 938 1540 Do
975 1475 1069 1560 eujus
1105 1475 1226 1540 laboris
1263 1474 1421 1550 finitione
1459 1471 1502 1537 dc

456 1593 618 1660 censuque
639 1573 808 1656 finitionis,
832 1575 988 1642 scribitur
1010 1575 1064 1642 hic
1085 1576 1231 1660 ulterius,
1251 1575 1314 1643 eub
1335 1574 1501 1654 brevibus,

455 1675 493 1740 in
514 1675 579 1742 hiis
599 1675 709 1743 verbis
731 1677 1044 1746 metrificationie.-

289 1809 384 1863 Verre·
501 1802 574 1869 Hac
596 1824 684 1869 nunc
705 1803 742 1868 in
763 1801 891 1880 decede,
913 1801 1091 1872 ²numerue
1111 1804 1170 1892 qui
1192 1805 1313 1873 dieitur
1334 1825 1412 1884 esee,

290 1877 401 1930 um.
501 1905 543 1972 In
567 1901 654 1992 2quo
675 1905 780 1971 totius
800 1904 924 1971 residet
945 1905 1100 1993 perfectio
1121 1907 1211 1995 legis,

500 2007 616 2074 Scribe
637 2029 697 2074 suo
718 2007 842 2074 calamo
863 2029 1009 2096 pausem,
1032 2009 1196 2096 finemque
1218 2009 1338 2087 libello,

500 2107 672 2196 Imposuit,
693 2109 797 2176 fessus
818 2111 917 2190 senio,
939 2109 1117 2198 morboque
1139 2133 1309 2200 repressus,

499 2209 685 2278 Coeeutieue
707 2215 855 2291 steterat,
877 2211 1011 2279 auditus
1033 2212 1210 2294 deficiebat,

498 2313 731 2401 Contractique
753 2335 879 2398 monus,
902 2314 1000 2402 digiti
1021 2319 1183 2382 steterant
1205 2315 1303 2382 simul
1324 2337 1446 2382 omnes.

499 2413 634 2503 Semper
656 2419 691 2481 et
712 2416 755 2482 ad
777 2417 891 2483 vulvae
913 2417 1026 2500 etebet
1047 2439 1134 2484 more
1155 2419 1307 2505 improbo
1327 2417 1471 2505 pulsent,

499 2514 595 2582 Dixit
617 2521 724 2595 et‚-“
734 2515 887 2586 Ecclesiae
910 2519 1047 2606 dispone
1068 2525 1146 2602 tuae,
1169 2521 1332 2588 moriere?

498 2616 572 2683 Hoc
593 2617 699 2705 igitur
720 2641 817 2686 cause
838 2619 978 2708 scriptor
999 2619 1111 2688 ⁸nihil
1133 2622 1264 2688 eddidit
1284 2621 1396 2703 ultru;

497 2717 629 2786 Addere
652 2743 713 2787 nec
735 2727 876 2810 poteret,
898 2722 980 2814 quic¹
998 2723 1090 2789 visus
1111 2724 1304 2805 deficiebct;

498 2821 591 2887 Idem
613 2823 775 2889 scribendi
799 2823 863 2889 eibi
885 2823 963 2890 finis
985 2830 1119 2912 oretque
1142 2827 1285 2894 videndi

542 2924 698 3012 Explicit
722 2924 913 3013 expliciunt,
936 2927 1047 3012 qualia
1069 2928 1191 3015 scriptu
1212 2929 1332 2995 ferunt.

483 3201 492 3235 ¹
505 3203 561 3254 'l'he
572 3203 678 3255 number
692 3208 732 3254 lo.
1032 3203 1128 3257 ’motii
1136 3205 1230 3260 tntis.

482 3279 658 3346 'quintis
978 3207 986 3342 d
