3668 5842
543 905 719 956 tonsurus
741 901 1025 954 wnmnsusrnns
1047 900 1225 952 secunus.
1345 888 1408 951 301

366 1095 385 1122 “
406 1110 466 1176 per
480 1111 593 1156 eorum
608 1089 871 1164 avisiamentum,
886 1091 921 1152 ct
934 1108 993 1173 per
1015 1085 1269 1151 avisiamentum
1294 1082 1408 1170 Magni
1422 1084 1491 1136 AJ).
1505 1089 1577 1134 14⁵⁸·

365 1194 382 1224 ‘⁶
406 1190 543 1258 Consilii
566 1192 680 1270 nostri,
696 1191 885 1279 congregati
906 1209 966 1277 pro
989 1188 1079 1254 dicta
1101 1188 1221 1254 unione
1244 1186 1330 1274 apud
1348 1185 1411 1250 Pa·

364 1299 384 1327 “
406 1293 523 1360 latium
545 1299 694 1360 nostrum
722 1291 1007 1359 westmonasterii
1030 1291 1074 1356 ad
1095 1298 1227 1378 tempus
1249 1310 1412 1376 praesens;

365 1403 383 1431 “
406 1417 443 1462 ac
457 1397 568 1476 etiam,
582 1396 626 1462 ad
649 1417 803 1484 magnam
825 1394 1027 1472 instantiam,
1042 1393 1182 1460 cordialc
1204 1391 1410 1469 desidorium,

366 1501 384 1533 “
405 1506 441 1564 et
477 1519 596 1586 preces,
629 1497 725 1564 nobis
756 1496 844 1562 lacta
875 1517 934 1584 per
967 1500 1115 1562 nostram
1141 1492 1343 1562 carissimam
1377 1499 1412 1560 et

365 1599 667 1666 “amantissimam
701 1620 848 1680 uxorem,
879 1597 1050 1686 Reginam,
1084 1619 1158 1685 quaa
1190 1597 1263 1678 fuit,
1287 1600 1322 1662 et
1350 1601 1409 1675 est,

367 1707 386 1738 “
408 1702 459 1768 ita
493 1702 720 1769 desiderabilis
759 1701 921 1767 dictarum
959 1701 1108 1782 unitatis,
1141 1698 1335 1778 dilectionis,
1376 1702 1411 1763 et

366 1811 383 1838 ‘¹
405 1805 592 1884 concordia,
629 1809 728 1893 prout
765 1803 830 1869 sibi
868 1808 918 1869 cst
956 1801 1240 1891 possibils:—In
1276 1800 1411 1868 nominc

367 1914 384 1942 ‘¹
407 1906 513 1986 Ibesu,
545 1907 662 1972 damus
692 1911 806 1972 nostra
835 1905 1022 1986 arbitrium,
1052 1905 1293 1971 ordinationem
1332 1905 1415 1968 fina-

368 2015 386 2044 “
408 2008 483 2089 lem,
506 2008 651 2088 laudum,
675 2013 709 2074 et
726 2007 901 2094 judicium,
924 2008 1013 2072 inter
1041 2007 1215 2094 praedictas
1243 2011 1355 2094 partes
1377 2007 1413 2070 in

367 2116 384 2145 ‘⁴
406 2111 591 2198 praemissis,
606 2111 713 2178 modis
728 2121 763 2177 et
777 2111 883 2176 forma
897 2110 1194 2196 subsequentibus3
1216 2109 1260 2174 ad
1281 2109 1413 2174 laudem

367 2220 384 2249 “
406 2214 571 2281 benedicti
593 2214 775 2282 Salvatoris
806 2213 919 2293 nostri,
942 2214 986 2280 ad
1015 2212 1285 2300 complacentiam
1316 2212 1415 2278 bene-

366 2321 385 2352 “
408 2317 507 2384 dictae
521 2317 639 2383 Matris
660 2339 738 2398 suae,
753 2321 788 2384 et
803 2317 950 2382 omnium
971 2317 1093 2383 civium
1117 2338 1340 2404 supernorum,
1355 2337 1415 2404 pro
1516 2363 1519 2372 .

368 2424 386 2453 “
408 2419 495 2485 bono
517 2419 630 2498 nostri,
656 2424 909 2506 nostrorumque
939 2422 1102 2485 unarum
1132 2425 1168 2484 et
1196 2418 1413 2496 subditorum,

367 2521 444 2585 “in
478 2521 700 2586 confusionem
732 2520 939 2587 inimicorum
973 2528 1172 2602 nostrorum,
1194 2521 1253 2608 qui
1283 2542 1325 2587 ox
1356 2520 1414 2586 diu

368 2629 387 2658 “
409 2622 531 2710 gaudio
552 2623 661 2711 gavisi
682 2628 761 2688 suut
782 2622 819 2688 in
848 2623 1010 2690 divisione
1031 2623 1121 2688 inter
1142 2628 1272 2689 nostros
1302 2623 1415 2689 subdi-

369 2730 387 2759 “
408 2723 636 2804 tos—Primo,
660 2725 822 2807 volumus,
843 2725 1026 2804 laudamus,
1049 2725 1248 2803 ordinamus,
1270 2731 1305 2792 st
1325 2725 1417 2811 judi·

368 2834 387 2862 “
409 2847 530 2904 camus,
545 2827 634 2912 quod
656 2826 744 2892 infra
766 2826 848 2892 duos
870 2848 974 2893 annos
1004 2849 1133 2894 exnunc
1155 2828 1304 2913 proximo
1331 2829 1416 2894 inse·

367 2934 387 2964 “
409 2934 556 3015 quentes,
580 2950 638 3016 per
659 2935 787 2996 nostros
805 2929 1069 3017 consanguineos,
1088 2929 1274 3010 Ricardum,
1291 2929 1415 2996 Ducem

370 3036 386 3064 “
408 3029 557 3109 Eboraci,
573 3030 762 3110 Ricardum,
786 3031 949 3097 Comitem
967 3030 1145 3118 Warwyci,
1168 3036 1202 3098 et
1229 3031 1415 3112 Ricardum,

368 3133 571 3199 “Comitem
607 3133 736 3212 Sarum,
758 3139 794 3200 st
825 3154 883 3220 pcr
916 3154 1029 3198 eorum
1063 3133 1230 3213 motiones,
1256 3157 1358 3215 curas,
1380 3143 1417 3202 et

368 3243 386 3270 “
408 3236 566 3323 custagis,
581 3236 754 3316 donentur,
769 3240 806 3301 st
819 3235 971 3322 legaliter
992 3257 1033 3300 ac
1046 3256 1156 3302 secure
1170 3237 1415 3317 amortizentur,

369 3344 468 3425 “pro
491 3342 651 3424 perpetuo
674 3336 893 3404 ¹Monastorii
916 3337 1032 3404 Sancti
1052 3338 1184 3420 Albani,
1206 3338 1266 3405 ubi
1280 3361 1415 3428 corpora

367 3437 597 3506 “nostrorum
627 3439 952 3528 consanguineorum,
980 3440 1158 3520 Edmundi
1180 3463 1286 3528 nuper
1313 3441 1417 3509 Ducis

369 3545 388 3577 “
411 3541 642 3622 Somersetrise,
677 3542 824 3621 Henrici,
847 3565 953 3630 nuper
984 3543 1124 3610 Comitis
1157 3543 1414 3626 Northumbriso,

369 3649 389 3679 “
411 3666 450 3711 ac
471 3644 574 3710 etiam
588 3643 732 3725 lbomae,
748 3665 854 3732 nuper
867 3644 1004 3710 Domini
1025 3644 1066 3710 de
1081 3645 1246 3728 Clilionde,
1261 3647 1297 3713 in
1320 3647 1417 3716 dictis

368 3753 386 3780 “
408 3746 599 3812 obviatione
621 3753 656 3813 ct
678 3747 892 3813 insultatione
915 3747 1101 3825 occisorum,
1117 3768 1176 3834 pro
1197 3771 1286 3816 nunc
1302 3749 1417 3837 jacent

369 3855 386 3884 ‘⁸
409 3855 443 3932 et
465 3848 594 3936 sepulta
623 3855 712 3926 sunt,
733 3848 956 3936 quadraginta
986 3849 1130 3935 quinque
1160 3849 1255 3917 librae
1287 3873 1417 3931 annum,

370 3957 388 3986 “
408 3972 469 4038 pro
484 3951 602 4030 missis,
621 3951 795 4039 suffragiis,
824 3955 860 4018 ct
882 3951 1037 4030 obitibus,
1061 3952 1230 4034 habendis,
1253 3958 1289 4020 st
1310 3955 1417 4023 'elee-

369 4061 386 4089 “
409 4075 548 4140 mosyna
562 4053 681 4133 danda,
697 4075 757 4141 pro
771 4053 946 4120 animabus
964 4054 1128 4121 dictorum
1141 4054 1253 4137 Ducis,
1269 4056 1419 4138 Comitis,

370 4161 388 4192 “
411 4161 446 4222 et
467 4156 611 4236 Domini,
634 4157 681 4222 sic
703 4156 906 4237 occisorum
927 4160 962 4223 et
983 4177 1044 4244 pro
1066 4156 1239 4224 animabus
1267 4160 1415 4227 omnium

371 4263 389 4294 ‘⁴
411 4257 551 4324 aliorum
563 4259 704 4324 ..ibidem
734 4265 816 4324 tuno
845 4258 1003 4345 temporis
1033 4259 1230 4340 occisorum,
1260 4261 1420 4348 pnediota

370 4368 388 4396 “
409 4361 529 4440 missae,
549 4361 712 4448 suffragia,
743 4361 861 4441 obitus,
885 4365 920 4427 et
949 4357 1187 4448 8eleemosyna,
1209 4361 1325 4442 fienda,
1347 4387 1420 4433 cus-

371 4467 389 4498 “
411 4463 578 4543 todienda,
600 4469 635 4530 st
657 4462 820 4541 donanda,
842 4483 903 4550 pro
925 4468 1092 4551 perpetuo,
1115 4463 1212 4530 modo
1242 4470 1277 4531 et
1306 4466 1417 4548 forma,

370 4572 389 4599 “
410 4564 496 4632 sicut
527 4570 677 4654 tempore
711 4568 875 4632 retroacto
906 4586 965 4652 per
994 4585 1054 4630 nos
1086 4563 1316 4637 declarabitur.
1372 4571 1419 4638 Et

403 4771 413 4806 ¹
425 4773 476 4840 Qy.
485 4771 650 4838 Monate-io,
659 4773 745 4826 unless
756 4771 870 4837 beneficio
953 4769 964 4804 ²
975 4771 1099 4824 ermom
1109 4771 1136 4824 in
1147 4773 1204 4827 tte.

369 4851 392 4904 ia
402 4855 561 4906 understood.
