3588 5838
468 859 641 912 tonsuris
663 859 949 910 vnuruinsrmn
972 859 1148 911 securum
1287 849 1328 914 65

285 1056 304 1084 “
327 1048 511 1136 Collegium
533 1049 655 1137 Regale
671 1049 783 1115 Beetae
805 1048 920 1117 Merite
935 1048 977 1114 de
991 1050 1090 1130 Eton,
1108 1049 1209 1135 juxto
1225 1049 1330 1136 Wyn·
1341 1044 1409 1098 ΑΒ·
1420 1051 1491 1104 ¹⁴⁵¹·

284 1159 302 1185 “
324 1151 447 1232 desore,
469 1155 528 1217 aut
550 1173 662 1218 eorum
685 1152 821 1238 aliquos,
844 1151 1044 1238 conjunctim
1067 1151 1120 1218 vel
1143 1152 1328 1240 seperatim,

285 1259 304 1288 “
327 1267 388 1320 aut
410 1255 499 1320 dioto
520 1251 676 1342 Collegit,
691 1255 761 1320 sive
778 1275 890 1320 eorum
912 1253 1054 1340 aliquod,
1077 1255 1155 1322 lieet
1178 1277 1329 1343 expresse

283 1361 301 1390 “
323 1355 448 1423 mentio
473 1358 509 1422 in
539 1356 677 1423 Litteris
703 1356 900 1454 Potentibus
928 1357 1035 1444 ipsius
1065 1358 1200 1424 Domini
1231 1359 1330 1447 Regis

284 1464 304 1494 “
325 1458 403 1524 inde
418 1459 555 1524 minime
569 1461 673 1540 fieret,
688 1465 787 1546 prout
808 1459 845 1524 in
868 1459 1010 1546 quodum
1024 1461 1222 1548 transcripto
1237 1467 1329 1526 notus

285 1565 303 1595 “
325 1561 559 1650 resumptionis
573 1562 749 1649 praediotae,
764 1561 818 1628 hio
840 1563 877 1627 in
900 1561 1001 1628 Curio
1022 1563 1194 1641 residente,
1217 1561 1258 1629 de
1280 1583 1330 1628 re·

286 1667 305 1696 ‘⁴
325 1664 422 1730 oordo
443 1663 573 1751 plenius
594 1669 740 1752 apparet.

330 1765 409 1831 “Et
439 1766 617 1854 praediotus
648 1766 762 1832 Abbos
794 1765 884 1845 dioit,
907 1767 997 1853 quod
1030 1767 1120 1833 dioto
1146 1767 1267 1854 jooeiin
1295 1771 1331 1832 et

283 1873 302 1904 “
325 1874 517 1936 ornamento
537 1869 574 1935 in
596 1869 732 1936 Litteris
756 1869 953 1936 Potentibus
982 1870 1159 1956 praedietis,
1181 1891 1241 1956 per
1263 1869 1329 1935 dio-

285 1977 304 2007 “
325 1975 399 2036 tum
420 1972 587 2039 Abbutem
609 1972 757 2060 superius
780 1971 937 2060 allegatis,
960 1972 1155 2058 speoifioste,
1171 1972 1229 2037 diu
1252 1977 1330 2038 unte

285 2079 303 2108 “
325 2072 450 2140 dietum
480 2074 809 2140 octavum-decimum
847 2065 934 2139 diem
971 2073 1161 2140 Deoembris
1194 2073 1331 2140 fuerunt

284 2181 301 2209 “
323 2175 412 2241 bonu
432 2181 467 2242 et
483 2177 604 2264 jooelis
624 2177 758 2265 proprio
787 2175 869 2242 dioti
897 2197 986 2241 nuno
1007 2175 1158 2255 Aetatis,
1181 2181 1216 2242 et
1245 2175 1330 2262 ejus·

285 2283 302 2311 “
325 2277 401 2344 dem
415 2279 478 2345 looi
493 2279 703 2360 Conventus;
727 2301 801 2366 quae
816 2279 948 2365 quidem
958 2278 1080 2364 joselia
1094 2282 1208 2366 postea
1223 2277 1330 2343 Hum-

288 2387 307 2416 “
328 2379 423 2460 frido,
445 2403 552 2469 nuper
573 2382 660 2447 Duei
675 2381 899 2462 Glouoestriae‚
918 2382 989 2468 jem
1012 2379 1175 2461 defirnoto,
1191 2380 1234 2446 ed
1249 2402 1331 2468 opus

286 2488 306 2517 “
328 2483 474 2569 ipsorum
487 2484 630 2550 Abbatis
652 2490 687 2550 et
702 2483 895 2550 Conventus
917 2483 1008 2549 selvo
1030 2482 1252 2560 eustodiendo,
1275 2484 1331 2548 de·

286 2592 304 2620 ‘⁴
326 2585 466 2651 liberate
486 2585 622 2652 fuerunt
644 2607 702 2674 por
724 2585 830 2652 diotos
852 2591 933 2652 tuno
946 2585 1112 2652 Abbntem
1129 2591 1163 2652 et
1180 2584 1330 2652 Conven-

285 2693 304 2722 “
325 2691 420 2768 tum3
452 2694 638 2775 posteaque,
666 2689 779 2754 eudem
801 2688 923 2774 jooulin
951 2693 985 2754 et
1023 2692 1226 2768 ornaments,
1256 2691 1331 2774 post

287 2797 304 2824 “
326 2795 465 2856 mortem
486 2791 591 2878 ipsius
613 2790 724 2872 Duois,
746 2792 789 2856 ad
811 2812 928 2858 munus
959 2789 1040 2857 disti
1072 2789 1208 2856 Domini
1230 2789 1331 2877 Regis

285 2898 303 2928 “
326 2892 539 2972 devenerunt,
562 2900 602 2960 ut
623 2893 900 2960 administratoris
921 2893 1003 2959 dieti
1024 2914 1129 2979 nuper
1151 2891 1262 2970 Ducis,
1292 2912 1331 2957 eo

286 3002 304 3028 “
326 2995 414 3080 qnod
435 2993 525 3060 idem
547 2995 627 3061 Dux
649 2995 734 3062 obiit
756 2995 944 3063 intestatus.
990 2994 1148 3080 Idemque
1169 2993 1331 3059 Dominus

288 3103 308 3131 ‘⁴
329 3095 410 3179 Rex,
433 3097 538 3163 soiens
555 3097 676 3183 jocelin
698 3103 733 3165 et
755 3103 949 3165 ornamenta
970 3095 1029 3162 ilie
1049 3095 1092 3161 ad
1121 3102 1203 3162 tuno
1231 3094 1331 3160 fuisse
1466 3144 1476 3168 .

285 3203 304 3233 ‘⁴
327 3198 489 3264 dietorum
510 3199 653 3266 Abbatis
675 3206 710 3266 et
732 3200 933 3277 Conventus,
950 3197 1009 3265 diu
1031 3205 1110 3264 ante
1133 3198 1258 3264 dietum
1274 3196 1330 3262 de·

95 3377 100 3394 ⁵
287 3306 305 3336 ‘¹
327 3301 617 3368 dmum-octavum
641 3301 729 3368 diem
745 3302 945 3380 Deoembris,
960 3323 1002 3367 ex
1020 3321 1154 3367 assensu
1168 3301 1329 3366 dictorum

182 3479 191 3500 ι
286 3410 303 3437 “
326 3403 469 3469 Abbatis
491 3408 527 3470 et
548 3404 749 3484 Conventus,
773 3405 887 3471 ea'dem
915 3402 1036 3491 joooiie
1069 3409 1105 3469 et
1137 3408 1330 3470 omementu

286 3511 306 3541 “
328 3504 517 3592 Proepositis
538 3511 573 3572 et
597 3505 752 3594 Collegiis
774 3507 876 3594 ipsius
898 3506 1033 3572 Domini
1056 3506 1156 3594 Regis
1178 3505 1219 3571 de
1242 3506 1330 3570 Eton

288 3613 307 3642 “
329 3611 363 3673 et
385 3607 621 3696 Centobriggie
642 3609 816 3697 prmdiotis,
839 3608 963 3675 ibidem
985 3606 1044 3673 ¹in
1066 3613 1261 3696 perpetuum
1288 3607 1330 3672 ed

287 3715 307 3744 ‘⁴
327 3730 425 3775 usum
447 3712 482 3776 et
504 3711 686 3798 proficuum
706 3710 884 3778 eorundem
907 3710 1160 3797 Praepositorum
1186 3715 1221 3776 et
1245 3709 1331 3776 Con-

287 3817 307 3846 “
329 3811 490 3898 legiorum
526 3813 670 3880 eontulit
707 3835 929 3902 permansura.
987 3811 1092 3899 Super
1128 3833 1193 3898 quo
1224 3810 1331 3876 dietus

287 3917 307 3948 ‘⁸
330 3913 492 3981 Dominus
508 3912 592 3997 Rex,
610 3915 688 3982 inde
709 3937 768 4004 per
790 3915 916 3982 dietum
938 3934 1027 3980 nuno
1050 3913 1215 3979 Abbstem
1230 3911 1330 3977 infor-

289 4022 307 4050 “
330 4022 447 4096 matus,
462 4017 551 4084 dioto
570 4016 828 4084 decimo-ootevo
849 4017 904 4084 die
918 4015 1117 4096 Decembris,
1133 4015 1221 4081 dioto
1243 4015 1331 4078 enno

289 4122 306 4151 “
329 4117 483 4186 vioesimo
504 4119 652 4207 septimo,
666 4141 725 4208 per
744 4120 889 4187 Litteras
903 4119 1059 4186 Potentes
1080 4117 1262 4205 predictos,
1278 4135 1331 4180 su-

287 4225 306 4256 “
328 4221 438 4307 petius
459 4243 518 4309 per
539 4223 647 4308 ipsum
671 4221 836 4288 Abbutem
858 4222 1025 4310 allegatas,
1049 4221 1086 4285 in
1107 4238 1331 4304 reeompensa-

288 4329 307 4357 “
329 4323 453 4388 tionem
471 4323 628 4410 joooiium
650 4329 685 4390 et
706 4331 972 4391 ornamentorum
994 4321 1235 4410 praediotorum,
1257 4340 1332 4385 oon·

289 4429 308 4459 “
330 4425 428 4490 oessit
448 4425 596 4514 praefotis
618 4449 706 4494 nuno
726 4427 855 4494 Abbati
877 4432 912 4494 et
933 4425 1123 4493 Conventni
1145 4424 1186 4488 do
1208 4421 1332 4489 Sancto

288 4532 308 4563 ‘¹
328 4527 460 4595 Albano
482 4529 677 4616 supradicto,
692 4536 726 4597 et
749 4528 985 4596 suecessoribus
1007 4526 1083 4608 suis,
1107 4524 1196 4613 quod
1210 4523 1274 4612 ipsi
1289 4523 1332 4589 ud

668 4774 676 4806 ¹
689 4775 860 4842 §mammem
871 4774 899 4826 in
910 4773 968 4828 MS.

1179 4867 1202 4914 Ε
