3560 5838
488 889 565 958 *474
883 905 1063 954 eremenrx
1088 889 1150 975 (n).

504 1091 658 1179 pensione
680 1112 762 1172 sue;
784 1098 819 1158 et
840 1093 1008 1179 pecuniam
1027 1073 1130 1179 'quam
1154 1092 1296 1159 solverat
1318 1092 1545 1160 executoribus

505 1194 639 1260 Ricerdi
661 1193 786 1274 Power,
809 1194 936 1260 ratione
964 1195 1074 1260 mutui
1102 1216 1162 1281 pro
1191 1193 1295 1260 officio
1325 1193 1544 1271 Refectornrii,

504 1318 576 1382 quoe
599 1318 728 1362 summa
749 1297 900 1362 extendit
922 1319 956 1363 se
978 1317 1080 1383 usque
1102 1297 1223 1385 viginti
1249 1297 1356 1364 libras.
1402 1295 1543 1362 Remisit

503 1399 607 1464 etiam
638 1397 742 1464 officio
772 1397 923 1464 Sacristae
952 1402 1082 1464 centum
1112 1402 1146 1464 et
1176 1403 1297 1486 septem
1329 1397 1457 1476 solidos,
1486 1418 1544 1485 per

507 1499 614 1586 ipsum
637 1521 696 1586 pro
718 1501 831 1566 eodem
854 1500 992 1565 diversis
1015 1521 1058 1566 ex
1079 1501 1184 1566 causis
1204 1505 1282 1566 ante
1303 1499 1434 1566 solutos.

548 1601 768 1668 Studentibus
804 1623 931 1688 semper
965 1601 1139 1668 munificus
1175 1609 1275 1689 pater,
1312 1615 1347 1668 ot
1383 1600 1542 1680 amabilis,

505 1703 633 1768 cuidam
670 1705 711 1770 de
744 1703 906 1782 fratribus,
929 1704 971 1768 ad
1005 1703 1125 1770 Studia
1158 1703 1322 1791 generalis
1354 1704 1462 1782 misso,
1484 1723 1545 1768 neo

506 1805 644 1870 habenti
665 1805 755 1870 unde
775 1806 901 1872 victum
932 1811 1169 1892 competentem
1199 1807 1246 1871 ibi
1275 1805 1463 1892 requireret,
1486 1809 1547 1870 eut

505 1909 672 1984 vestitum,
695 1909 896 1994 praestiteras
918 1909 992 1994 pius
1015 1908 1113 1973 Pater
1135 1909 1223 1973 ultra
1244 1929 1404 1972 summam
1425 1927 1544 1972 novem

503 2008 660 2074 librarum
676 2033 684 2088 ;
708 2009 748 2074 de
763 2009 856 2095 cujus
878 2011 1023 2096 pecuniae
1038 2010 1220 2076 redditione
1239 2009 1376 2075 eundem
1392 2013 1542 2096 egentem
1600 2037 1607 2050 ·

501 2110 912 2178 ¹scholaremabsolutum
934 2113 1067 2200 penitus
1088 2111 1175 2190 fecit,
1198 2115 1232 2177 et
1254 2111 1410 2198 quietum.

549 2213 689 2280 Remisit
710 2214 848 2278 ulterius
870 2214 1011 2300 triginta
1039 2215 1105 2279 duo
1136 2214 1302 2301 quarterio
1317 2211 1463 2290 ”hordei
1485 2235 1542 2278 va-

504 2315 608 2381 lentis
630 2337 688 2381 sex
710 2315 810 2380 librae
825 2320 899 2382 octo
914 2316 1044 2397 solidos,
1059 2315 1163 2382 officio
1177 2315 1398 2394 Refectomrii,
1414 2321 1544 2402 recepta

497 2418 539 2482 de
561 2439 649 2483 nova
671 2417 876 2483 ordinatione
898 2439 961 2483 sua
1010 2417 1157 2496 Remisit
1179 2423 1299 2504 praeter
1320 2417 1397 2496 haec,
1422 2423 1457 2483 et
1477 2417 1543 2482 elia

503 2519 608 2584 multa
629 2519 826 2606 pauperibus
849 2521 915 2586 suis
937 2519 1126 2585 tenentibus
1149 2520 1379 2600 saeoularibus;
1400 2520 1468 2605 qui,
1489 2518 1543 2584 vel

497 2641 556 2708 per
578 2620 712 2686 hostiles
733 2621 889 2698 incursus,
912 2643 970 2707 pro
990 2628 1071 2687 tuno
1084 2621 1160 2687 huic
1174 2620 1291 2708 patriae
1305 2643 1421 2708 graves
1434 2621 1542 2699 nimis,

505 2721 559 2787 vel
582 2721 656 2787 aliis
678 2723 792 2801 causis,
815 2723 1034 2810 depauperati,
1057 2724 1224 2789 redditum
1249 2723 1380 2811 capitali
1409 2723 1542 2789 domino

504 2823 663 2901 debitum,
678 2824 748 2890 sine
770 2825 864 2912 gravi
882 2825 933 2889 sui
956 2824 1137 2911 dispendio,
1151 2847 1185 2891 se
1206 2824 1341 2892 reddere
1362 2846 1431 2890 non
1449 2845 1542 2913 posse

492 2925 719 3013 querebantur.

548 3027 677 3108 Quibus
699 3029 861 3095 universis
883 3028 929 3096 sio
952 3051 985 3094 se
1008 3029 1245 3096 misericordem
1261 3028 1360 3094 Pater
1382 3028 1544 3106 exhibuit,

505 3134 545 3195 ut
578 3151 700 3211 omnes,
730 3130 909 3217 benignum
943 3134 978 3195 et
1006 3132 1185 3218 gratiosum
1222 3130 1445 3206 acclamantes,
1483 3151 1542 3217 pro

505 3232 611 3298 salute
633 3237 703 3298 tam
726 3233 868 3320 corporis
890 3253 988 3318 quam
1009 3234 1129 3299 animae
1151 3253 1219 3299 sure
1241 3233 1277 3298 in
1291 3231 1455 3298 communi
1470 3253 1542 3318 pre·

502 3337 661 3400 carentur.
718 3333 822 3400 Cerne
843 3340 999 3400 rectorem
1021 3335 1251 3413 venerabilem,
1272 3339 1430 3400 rectorem
1452 3355 1539 3399 nme·

502 3435 611 3515 bilem,
634 3440 669 3500 et
690 3437 808 3502 merito
829 3435 1007 3501 rectoribus
1031 3436 1183 3502 omnibus
1211 3437 1419 3517 imitandum,
1444 3457 1540 3522 quem

500 3537 618 3601 necin
641 3539 785 3603 sanitate
807 3538 960 3603 favoralis
989 3539 1060 3605 auri
1082 3539 1286 3626 prosperitus,
1309 3561 1369 3605 nec
1390 3539 1427 3603 in
1448 3538 1541 3624 aegri-

503 3637 620 3702 tudine
642 3640 784 3724 corporis
798 3639 989 3719 adversitas,
1004 3641 1046 3706 ab
1061 3640 1212 3726 operibus
1227 3641 1362 3726 pietatis
1378 3639 1542 3706 retrahere

497 3743 685 3826 potuerunt.
717 3741 892 3829 Egregium
909 3763 986 3808 sane
997 3743 1152 3809 Gentium
1164 3743 1384 3809 comitabatur
1398 3739 1538 3830 ⁸Magis-

500 3848 599 3923 trum,
623 3864 716 3930 quem
741 3865 801 3909 nec
823 3843 993 3910 tribulatio
1015 3844 1149 3931 quoevis,
1164 3865 1224 3911 neo
1245 3845 1408 3930 angustia,
1424 3865 1483 3911 neo
1496 3843 1540 3908 ad

500 3945 659 4010 ultimum
686 3946 757 4032 ipse
778 3967 874 4025 mors,
897 3967 1044 4033 separare
1066 3947 1220 4033 potuita
1249 3947 1386 4013 caritate
1408 3945 1540 4012 Christi.

501 4045 653 4132 Prospice
683 4048 851 4113 Abbatum
882 4048 990 4127 Gesta,
1019 4048 1152 4114 revolve
1189 4053 1329 4135 patrum
1355 4054 1539 4114 nostrorum

501 4149 645 4230 annalis,
668 4169 729 4215 nec
748 4151 897 4216 invenies
920 4151 996 4216 huic
1018 4150 1110 4216 Patri
1132 4151 1187 4216 vel
1216 4151 1253 4215 in
1281 4151 1346 4216 hiis
1368 4173 1443 4238 quae
1464 4148 1541 4216 oleri

497 4255 576 4316 sunt
598 4251 807 4332 consimilem,
830 4251 885 4316 vel
906 4253 942 4317 in
964 4252 1105 4338 politicis
1127 4253 1293 4338 aequalem.

541 4351 626 4419 Haeo
648 4358 758 4419 autem
781 4374 886 4440 pauco
908 4354 948 4420 de
970 4355 1072 4441 gestis
1101 4355 1170 4441 ejus
1199 4355 1403 4435 inseruimus,
1425 4360 1466 4419 ut
1495 4353 1540 4418 le·

496 4459 612 4541 gentes
634 4453 752 4520 fratres
773 4477 832 4541 pro
854 4457 924 4542 ejus
946 4457 1056 4521 anima
1078 4457 1263 4522 orationum
1293 4461 1327 4522 et
1356 4455 1538 4522 hostiarum

498 4557 646 4622 Creatori
685 4555 825 4623 offerant
862 4559 1016 4624 continue
1047 4558 1210 4638 sacrificia,
1248 4559 1307 4644 qui
1343 4581 1401 4645 per
1436 4557 1540 4644 ipdus

526 4745 533 4776 ¹
545 4745 661 4796 scolarem
671 4745 698 4795 in
709 4746 765 4798 MS.
1061 4747 1072 4782 ⁸
1084 4747 1121 4800 St.
1133 4748 1197 4798 Paul
1209 4769 1215 4798 z
1234 4763 1275 4799 see
1285 4747 1392 4798 Romae
1403 4745 1454 4798 viii.
1467 4751 1507 4798 85.

523 4823 534 4856 ²
543 4823 612 4874 ordei
622 4824 649 4874 in
660 4825 716 4876 Me.
800 4849 807 4868 ·
