3668 5842
465 841 530 906 306
650 915 655 924 Ι
800 853 998 904 nnursruuu
1020 853 1180 904 ananum

297 1043 482 1098 AD·14⁶8.“
506 1040 595 1104 inter
617 1038 743 1123 aliquos
759 1037 921 1104 dictarum
937 1039 1092 1125 partium,
1108 1039 1204 1104 aliter
1218 1059 1319 1124 quam
1339 1042 1418 1103 sunt
1431 1039 1521 1104 inter

467 1139 662 1206 “articulos
692 1141 897 1226 supradictos
928 1147 1169 1222 rememoratus,
1193 1147 1227 1206 et
1260 1140 1416 1206 omnibus
1446 1142 1519 1208 aliis

466 1252 483 1278 “
506 1241 698 1318 actionibus,
740 1243 848 1322 rectis,
889 1248 924 1310 et
965 1243 1084 1324 titulis,
1127 1244 1269 1309 realibus
1317 1247 1351 1308 et
1394 1244 1517 1310 mixtis

466 1352 483 1382 “
507 1346 601 1422 Item,
637 1344 726 1410 ultra
756 1344 825 1424 hoc,
849 1344 1010 1423 volumus,
1043 1345 1241 1424 ordinamus,
1276 1345 1461 1427 laudamus,
1484 1351 1519 1412 et

466 1452 484 1481 “
503 1447 698 1532 judicamus,
710 1451 844 1534 propter
858 1447 1067 1512 securitatem
1086 1448 1258 1512 ambarum
1273 1448 1420 1534 partium
1436 1469 1520 1534 prae·

467 1555 484 1584 ‘⁴
508 1549 677 1626 dictarum,
695 1549 783 1635 quod
806 1549 946 1634 quilibet
962 1571 1074 1615 eorum
1097 1549 1197 1616 faciat
1219 1572 1332 1616 eorum
1354 1551 1451 1615 alteri
1469 1572 1520 1615 re·

467 1658 483 1688 “
505 1651 692 1718 laxationes
707 1651 968 1718 omnimodarum
988 1653 1155 1718 actionum
1178 1674 1265 1720 mere
1289 1653 1517 1739 personalium,

467 1760 483 1790 ‘⁴
505 1758 540 1820 et
562 1753 829 1841 appellationum,
858 1775 939 1840 quas
960 1754 1080 1840 aliquis
1110 1755 1242 1820 illorum
1265 1755 1386 1820 habere
1410 1761 1520 1841 posset

466 1864 484 1893 “
507 1878 584 1943 erga
617 1856 749 1920 illorum
783 1857 934 1938 alterum,
967 1857 1095 1923 ratione
1113 1842 1352 1922 ¹variationem
1386 1863 1422 1922 et
1453 1856 1518 1922 dis·

468 1964 486 1993 “
508 1959 692 2024 eordiarum
707 1959 975 2044 supradictarum,
992 1960 1037 2024 sic
1052 1981 1110 2046 per
1132 1981 1192 2024 nos
1213 1959 1518 2037 determinatarum,

468 2067 484 2096 “
508 2081 582 2146 quae
604 2065 702 2126 erunt
724 2061 878 2146 cogitatae
901 2081 959 2147 per
981 2061 1085 2126 dictos
1108 2065 1236 2126 nostros
1255 2062 1337 2126 duos
1352 2061 1519 2148 Capitales

467 2167 484 2197 “
508 2163 717 2229 Justiciarios
750 2163 972 2230 rationabiles.
1020 2163 1117 2240 Item,
1151 2162 1311 2240 volumus,
1338 2162 1519 2238 laudamus,

468 2269 484 2298 “
510 2263 709 2344 ordinamus,
726 2271 760 2329 et
778 2265 972 2350 judicamus,
989 2257 1121 2350 quodsi
1146 2263 1155 2300 ¹
1169 2265 1204 2328 in
1225 2271 1392 2350 posterum
1408 2263 1520 2349 aliqua

468 2373 485 2400 “
508 2367 605 2444 actio,
620 2367 771 2446 variatio,
787 2372 846 2432 aut
862 2367 990 2446 debata,
1014 2369 1059 2432 sit
1081 2372 1173 2432 mota
1192 2367 1281 2432 inter
1304 2366 1430 2452 aliquos
1453 2387 1519 2431 ser·

469 2473 486 2502 “
509 2468 672 2534 vientium
687 2469 741 2535 vel
756 2469 951 2547 tenentium,
970 2473 1030 2534 aut
1044 2469 1259 2534 servientium
1274 2474 1309 2534 et
1324 2469 1520 2543 tenentium,

469 2569 695 2656 “aliquorum
725 2571 870 2657 partium
906 2572 1179 2658 supradictarum,
1210 2575 1344 2657 propter
1373 2570 1518 2655 aliquam

469 2673 680 2739 “materiam
714 2673 769 2738 vel
801 2674 946 2753 titulum,
972 2675 1143 2761 supposita
1176 2695 1245 2739 esse
1268 2674 1364 2752 sacta,
1396 2673 1519 2748 habita,

468 2782 485 2809 “
506 2781 565 2842 aut
588 2782 729 2855 causata,
750 2766 829 2842 ante
852 2777 942 2842 istud
968 2782 1106 2863 tempus,
1131 2777 1220 2862 quod
1250 2781 1373 2842 extunc
1396 2776 1433 2840 in
1454 2773 1519 2838 illis

468 2878 622 2944 “nullus
655 2879 918 2966 supradictarum
940 2879 1087 2965 partium
1118 2883 1343 2956 manuteneat,
1373 2878 1518 2963 adjuvet,

468 2985 486 3013 ‘⁴
510 2988 687 3067 supportet,
722 2983 893 3059 confortet,
927 2988 988 3047 aut
1020 2981 1183 3062 fortificat,
1210 2982 1353 3066 aliquem
1377 2981 1517 3056 illorum,

467 3089 485 3120 “
512 3088 569 3173 qui
592 3090 638 3154 sia
660 3089 778 3154 volunt
810 3088 974 3174 placitare,
999 3088 1138 3165 variare,
1162 3094 1221 3152 aut
1255 3087 1411 3152 debatare
1423 3109 1431 3166 ;
1461 3085 1519 3150 aed

468 3198 486 3226 “
509 3196 632 3256 tractet
654 3191 791 3256 eandem
815 3197 943 3277 partem
966 3191 1002 3255 in
1018 3191 1088 3271 hoc,
1104 3189 1213 3276 2quod
1237 3190 1379 3276 benigne
1401 3193 1518 3274 potest,

469 3301 486 3328 “
510 3293 552 3357 ad
584 3293 736 3378 requiem,
760 3314 881 3378 pacem,
910 3299 944 3358 et
977 3291 1192 3359 concordiam.
1238 3292 1335 3368 Item,
1358 3291 1519 3366 volumus,

469 3400 488 3428 “
513 3395 691 3474 laudamus,
732 3395 930 3472 ordinamus,
969 3399 1004 3459 et
1036 3395 1231 3480 judicamus,
1267 3393 1356 3480 quod
1393 3394 1421 3458 si
1457 3392 1518 3456 ¹in

470 3501 681 3582 “posterum
703 3496 821 3582 aliquis
852 3496 998 3582 partium
1028 3497 1288 3584 supradictarum
1323 3500 1519 3582 conquestus

469 3608 487 3635 “
509 3599 619 3678 fuerit,
643 3597 868 3684 praetenderit,
884 3597 939 3663 vel
953 3599 1169 3685 supposuerit,
1185 3599 1273 3683 quod
1291 3598 1354 3663 hoc
1369 3603 1517 3663 nostrum

469 3707 487 3738 “
510 3701 646 3766 laudum
661 3700 698 3764 in
720 3699 829 3784 aliquo
846 3706 969 3786 puncto
984 3699 1129 3786 ejusdem
1152 3701 1197 3764 sit
1212 3699 1362 3779 fractum,
1376 3703 1435 3764 aut
1450 3719 1516 3763 non

468 3815 486 3840 “
509 3804 720 3885 custoditum,
741 3804 920 3884 obeditum,
944 3805 998 3870 vel
1020 3826 1088 3870 non
1111 3804 1356 3892 performatum,
1378 3825 1436 3891 per
1457 3801 1517 3868 ali-

470 3915 486 3944 “
508 3929 606 3994 quem
618 3907 780 3973 dictarum
795 3907 949 3993 partium,
962 3911 1205 3992 propterquam
1220 3928 1352 3972 causam
1364 3907 1434 3992 ipse
1449 3904 1516 3970 vel-

470 4125 488 4152 “
511 4116 606 4194 actio,
630 4121 715 4182 esset
737 4113 933 4201 ³prcsecuta
955 4115 1088 4180 nomine
1111 4121 1223 4180 nostro
1257 4135 1356 4200 super
1374 4113 1518 4199 aliquam

468 4225 486 4253 “
510 4218 673 4283 dictarum
696 4216 966 4302 recognitionum,
990 4237 1063 4302 quae
1085 4215 1180 4280 nobis
1203 4221 1279 4282 sunt
1294 4216 1397 4294 factae,
1422 4233 1518 4280 causa

469 4326 488 4357 “
511 4319 694 4399 obediendi,
724 4318 938 4398 custodiendi,
969 4323 1004 4383 et
1033 4318 1264 4404 performandi,
1287 4317 1385 4382 istius
1414 4317 1519 4382 nostri

470 4429 489 4458 “
510 4422 628 4504 laudi3
664 4421 772 4486 adhuc
805 4421 933 4486 nullum
961 4419 1029 4485 tale
1060 4420 1169 4502 breve,
1193 4439 1300 4505 neque
1329 4417 1425 4495 actio,
1456 4417 1520 4482 erit

470 4529 487 4560 “
509 4522 598 4589 facta
613 4526 673 4588 aut
688 4527 867 4608 prosecuta,
879 4523 1011 4587 nomine
1025 4531 1145 4603 nostro,
1157 4541 1324 4607 quousque
1338 4523 1457 4606 partes,
1471 4519 1518 4583 sic

502 4781 511 4814 ¹
524 4781 672 4846 ''mm''
684 4779 711 4829 in
721 4779 778 4831 MS·
1043 4777 1054 4812 ³
1061 4787 1212 4845 prosequuta
1224 4779 1249 4829 in
1260 4779 1317 4831 MS.

501 4859 648 4924 ’Probably
659 4859 777 4910 intended
786 4857 826 4910 for
836 4861 853 4890 “
866 4857 979 4924 quanda
