3582 5838
426 895 490 957 142
759 907 957 960 leffl'ltml
979 907 1136 960 ΔΒΒΔΜ

257 1093 442 1152 AD.1454.“
466 1086 635 1173 ¹mystico,
657 1086 738 1152 adeo
760 1109 903 1174 gravem,
926 1087 1015 1172 quod
1037 1086 1096 1152 ubi
1118 1086 1254 1167 dudum,
1268 1087 1350 1153 dum
1371 1087 1470 1175 prius,

423 1197 440 1224 “
463 1189 559 1254 istius
581 1190 722 1256 ecclesiae
744 1188 921 1254 habuimus
940 1189 1095 1277 regimen,
1110 1187 1255 1255 habebut
1277 1191 1350 1276 ipss
1372 1190 1472 1256 eccle·
1567 1177 1572 1187 ’

423 1301 441 1327 “
462 1292 512 1357 sie
533 1292 690 1370 membre,
712 1291 782 1358 sive
805 1293 985 1378 supposita,
1008 1291 1190 1378 sexaginta,
1212 1297 1248 1358 et
1280 1292 1379 1372 ultro,
1409 1293 1470 1357 vix

423 1403 523 1482 “pro
544 1417 631 1460 nunc
653 1395 697 1461 ed
718 1416 891 1462 numerum
914 1393 1056 1480 attingit
1086 1394 1415 1482 quinquagenerium,
1437 1401 1491 1489 el.

423 1505 441 1532 “
462 1496 578 1574 adhuc,
600 1497 689 1563 inter
720 1497 778 1562 illo
809 1497 920 1563 omnia
951 1496 1011 1562 vix
1043 1501 1094 1562 est
1125 1517 1229 1560 unum
1259 1497 1379 1574 habile,
1400 1497 1472 1562 sive

423 1608 441 1634 “
463 1599 652 1677 ²idoneum,
673 1599 717 1665 ed
739 1597 957 1686 supplendum
979 1598 1086 1664 vicem
1110 1599 1238 1687 cepitis,
1254 1599 1325 1664 eive
1347 1600 1391 1664 ed
1413 1600 1471 1666 hs

424 1707 442 1736 “
464 1701 608 1767 bendum
630 1723 742 1768 curem
757 1706 792 1768 et
806 1702 954 1788 regimen
976 1701 1172 1766 animarum.
1217 1701 1391 1789 Nunquid,
1405 1703 1471 1768 irs-

423 1811 441 1838 “
462 1807 537 1881 tres,
560 1804 631 1870 haec
652 1803 858 1890 consumptio
881 1803 1002 1890 gravis,
1016 1803 1170 1890 nunquid
1192 1803 1262 1870 haec
1284 1805 1471 1870 attenuatio

421 1909 439 1940 ‘⁴
461 1907 605 1994 grandis,
627 1906 781 1993 nunquid
803 1907 873 1972 haeo
894 1906 1079 1972 exinanitio
1102 1911 1173 1972 tem
1196 1908 1308 1993 gravis
1323 1913 1358 1972 et
1372 1929 1470 1994 gren-

421 2011 439 2044 “
462 2009 522 2088 dis,
537 2015 671 2096 tamque
693 2008 920 2090 formidabilis,
937 2008 1026 2095 quod
1048 2009 1089 2075 de
1103 2009 1276 2076 verisimili
1298 2010 1366 2089 fiet,
1383 2011 1471 2097 quod

421 2119 437 2145 ‘⁴
460 2110 550 2178 Deus
571 2111 754 2198 prohibeat,
768 2113 805 2176 in
819 2110 913 2177 brevi
928 2133 1083 2198 processu
1100 2112 1257 2198 temporis
1272 2133 1359 2178 mors
1374 2113 1471 2178 istius

421 2219 440 2248 “
462 2214 610 2292 ecclesiae,
633 2213 699 2280 nisi
721 2217 892 2300 quotenus,
915 2235 974 2300 per
995 2213 1139 2301 gretiam
1162 2214 1225 2280 Dei
1247 2215 1471 2294 misericordis,

421 2321 438 2352 “
459 2317 570 2382 voleat
592 2316 711 2402 aliquis
740 2317 844 2382 sciens
874 2316 1020 2381 medicus
1050 2316 1091 2382 de
1114 2315 1285 2382 medicinis
1307 2323 1471 2382 restaure-
1561 2317 1578 2354 ⁹

421 2426 438 2454 “
460 2419 562 2484 tionis
592 2419 709 2486 melius
738 2419 932 2506 provideret
976 2418 1109 2484 Veritas
1135 2425 1195 2498 est,
1223 2419 1350 2498 fratres,
1380 2420 1468 2506 quod

420 2527 439 2558 ‘⁸
460 2522 555 2588 vobis
569 2522 714 2588 dicimus.
761 2521 829 2588 Cur
853 2521 958 2607 igitur
980 2525 1124 2586 vestrum
1147 2522 1379 2608 {egritudinem
1401 2544 1469 2588 non

420 2629 439 2659 “
461 2624 649 2710 concipitlel
678 2622 748 2690 (lur
761 2629 907 2688 vestrum
923 2623 1171 2709 simplicitatem
1187 2646 1255 2690 non
1270 2619 1469 2690 advertitisl

420 2735 437 2761 “
460 2725 528 2792 Gur
550 2727 593 2792 sd
612 2731 757 2793 vestrum
772 2747 839 2792 non
855 2725 952 2792 aliter
974 2727 1136 2813 respicitis
1157 2727 1369 2814 paucitatem,
1386 2729 1469 2813 quin

419 2833 438 2862 “
461 2829 501 2894 dc
523 2828 618 2894 vobis
640 2829 754 2916 paucis
783 2829 923 2894 ulterius
952 2828 1121 2915 pauciores
1150 2829 1257 2894 fecere
1286 2829 1469 2894 laboretis?

419 2936 437 2963 “
461 2927 642 3007 Leboretis,
664 2929 791 3006 fratres,
814 2949 883 2993 non
914 2927 1054 2994 dicimus
1080 2949 1202 3006 omnes,
1225 2925 1358 3006 ³immo,
1381 2929 1470 2994 inter

420 3039 437 3066 “
459 3053 518 3098 vos
541 3033 632 3110 tales,
648 3033 706 3118 qui
720 3032 888 3097 ducuntur
905 3031 1018 3118 potius
1033 3031 1196 3118 passionis
1217 3031 1353 3119 impetu,
1368 3053 1466 3118 quem

419 3143 437 3168 “
459 3131 620 3201 ‘consilio
642 3134 790 3212 rationis,
813 3133 884 3200 sive
906 3132 1112 3199 discretionis
1128 3134 1309 3212 moderatu,
1331 3134 1467 3202 fratrem

420 3242 437 3271 “
459 3235 553 3302 illurn
576 3236 618 3302 de
640 3235 842 3303 Monasterio
865 3235 1033 3324 depellere,
1056 3258 1152 3323 quem
1187 3237 1296 3324 siper
1324 3237 1467 3325 gretiam

419 3349 436 3374 “
459 3338 640 3426 poterimus
661 3360 722 3404 nos
744 3337 786 3404 ab
808 3360 917 3404 errore
938 3339 1003 3406 viee
1024 3361 1093 3405 suae
1108 3345 1305 3418 convertere,
1320 3341 1468 3408 fecturus

419 3451 437 3478 “
459 3441 524 3506 erit
546 3441 583 3504 in
605 3441 759 3527 opinione
781 3447 896 3507 nostre
918 3442 993 3529 plus
1022 3465 1082 3529 pro
1112 3443 1174 3508 hsc
1204 3444 1351 3510 cenanda
1372 3444 1469 3531 regri·

420 3553 437 3579 “
459 3543 576 3608 tudine
589 3547 711 3624 vestre,
731 3565 830 3629 quum
853 3544 972 3610 secturi
987 3549 1065 3610 sunt
1079 3545 1129 3610 illi
1151 3567 1262 3612 omnes
1284 3548 1325 3612 de
1348 3547 1468 3633 quibus

420 3657 437 3683 “
459 3647 556 3712 modo
570 3646 736 3728 diximum
760 3647 839 3734 quie
853 3647 912 3725 illi,
928 3647 1018 3713 utin
1040 3648 1167 3734 mojori,
1182 3649 1219 3714 in
1233 3651 1378 3736 personis
1393 3649 1468 3736 plus

419 3761 438 3786 “
459 3749 583 3816 hebent
605 3749 696 3837 genii
718 3766 818 3836 quum
840 3750 977 3838 ingenii,
1000 3752 1037 3816 in
1059 3752 1171 3818 verbis
1192 3751 1266 3839 plus
1288 3753 1468 3838 loquacita-

418 3861 436 3890 “
459 3854 505 3920 tis
528 3875 627 3940 quern
649 3853 779 3940 eloquii,
802 3855 839 3919 in
868 3854 1057 3941 pectoribus
1080 3877 1158 3921 vero
1188 3854 1263 3943 plus
1284 3855 1468 3922 voluntatis

418 3966 437 3993 “
458 3979 558 4043 quam
573 3955 720 4034 rationis,
736 3957 807 4022 sive
822 3955 1036 4036 discretionis,
1052 3958 1122 4024 sive
1136 3958 1199 4024 zeli
1213 3958 1302 4039 boni,
1319 3957 1467 4045 operisve

417 4067 435 4094 “
457 4057 634 4126 ceritativi.
680 4057 727 4124 Et
749 4056 834 4138 ideo,
857 4064 897 4124 ut
918 4060 1054 4126 valeent
1079 4059 1214 4126 fratrem
1244 4060 1324 4147 ipsis
1347 4065 1468 4126 stomo-

418 4171 436 4200 “
458 4163 599 4240 ehosum,
629 4161 826 4249 prudentem
856 4167 979 4242 temen,
1001 4168 1037 4228 ct
1066 4161 1246 4249 politicum,
1271 4162 1312 4228 de
1336 4162 1467 4228 Mones-

418 4273 436 4300 “
458 4265 543 4332 terio
574 4264 745 4352 depellere,
769 4265 1003 4331 contradicunt
1031 4271 1280 4352 praememorato
1311 4264 1466 4343 Henrico,

417 4378 434 4404 “
456 4389 516 4435 nec
537 4367 657 4433 volunt
688 4366 725 4431 in
757 4367 827 4454 ejus
848 4389 1031 4454 regressum
1052 4369 1121 4434 ullo
1143 4368 1252 4434 medio
1274 4369 1467 4435 consentire.

415 4478 432 4506 “
455 4471 596 4548 Fretres,
619 4492 688 4536 non
716 4468 771 4534 hic
800 4469 893 4536 labor
914 4493 935 4536 s
957 4471 1036 4549 Deo,
1060 4467 1191 4548 “imme
1215 4493 1257 4537 ex
1279 4471 1386 4537 livore
1408 4492 1466 4558 po-

415 4583 435 4610 “
457 4574 534 4652 tius,
555 4572 611 4640 vel
633 4571 719 4649 odio,
741 4571 796 4638 vel
819 4571 937 4640 seltem
959 4595 1002 4640 ex
1025 4595 1064 4640 eo
1087 4577 1243 4660 corrupto
1265 4574 1384 4652 animo,
1408 4573 1466 4659 qui

449 4795 457 4828 ¹
468 4793 560 4844 mistico
571 4793 599 4842 in
609 4791 666 4844 Me.
995 4793 1068 4854 'prro
1080 4790 1107 4843 in
1118 4792 1175 4845 Me.

446 4869 686 4940 emmanue.
995 4869 1223 4926 *mesenus
