3668 5842
494 915 669 966 Jonnnurs
691 915 975 965 wununnusunnn
998 916 1177 966 sueonum.
1298 903 1360 966 nal

396 1194 531 1264 Mteroe
552 1197 709 1265 Potentiae
730 1196 843 1283 Raptor
865 1195 905 1263 de
927 1195 1026 1264 diotoe
1039 1195 1275 1284 forisfactura

707 1297 964 1386 perdonatione.

359 1477 378 1506 “
399 1469 595 1554 1Henricus,
619 1471 684 1538 Dei
706 1472 823 1560 gratia,
839 1473 912 1538 Rex
934 1471 1070 1560 Angliae
1094 1475 1129 1538 et
1144 1469 1305 1547 Franciae,
1327 1471 1363 1535 et
1377 1463 1444 1515 ‘ffl-
1459 1470 1532 1526 ¹⁴⁵⁸·

317 1577 335 1607 «ι
358 1572 520 1640 nominas
543 1573 722 1651 nssernsae,
739 1574 892 1641 omnebus
913 1574 1033 1640 emm
1056 1577 1090 1640 es
1112 1572 1266 1640 caeneus
1285 1571 1362 1649 sun,
1375 1543 1476 1674 iffi,

316 1683 334 1711 “
355 1677 399 1743 ad
443 1697 525 1764 quos
570 1683 746 1764 praesentes
767 1678 904 1752 litterae
953 1677 1171 1765 pervenerint,
1213 1675 1361 1742 salutem.
1376 1676 1487 1755 ponen-

317 1785 335 1814 “
358 1779 477 1846 Sciatis
506 1780 603 1867 quod,
627 1779 668 1846 de
697 1781 806 1869 gratia
834 1785 948 1846 nostra
977 1779 1119 1868 speciali,
1143 1784 1178 1845 et
1203 1801 1245 1845 ex
1274 1773 1363 1844 certa
1375 1748 1492 1861 {iffi

317 1889 335 1919 “
357 1882 493 1949 edentia
524 1888 559 1949 et
591 1904 681 1949 mero
715 1887 808 1950 motu
844 1883 975 1962 nostris,
1014 1881 1282 1970 perdonavimus,
1314 1903 1364 1946 re-
1375 1878 1485 1930 ΡΜ

319 1992 338 2020 “
359 1985 517 2066 misimus,
541 1996 576 2052 et
609 1984 841 2064 relaxavimus,
873 1984 1033 2064 dohanni,
1059 1984 1187 2050 Abbati
1219 1983 1365 2070 exempti

317 2095 335 2123 “
357 2088 551 2154 Monasterii
574 2088 689 2154 Sancti
710 2088 843 2170 Albani,
860 2091 894 2155 et
916 2087 1063 2175 ejusdem
1085 2087 1148 2154 loci
1169 2087 1365 2166 Oonventui,

319 2195 338 2224 “
360 2190 440 2256 alias
462 2192 560 2272 dicto,
575 2191 598 2256 J
599 2191 730 2268 ohanni,
746 2191 872 2257 Abbati
888 2191 1081 2257 Monasterii
1104 2191 1218 2257 Sancti
1232 2189 1365 2266 Albani,

319 2297 338 2328 “
359 2298 393 2359 et
415 2293 558 2380 ejusdem
581 2294 644 2360 loci
667 2294 864 2374 conventui,
888 2293 969 2386 alias
992 2295 1088 2372 dieto,
1111 2293 1267 2375 Johanni,
1294 2291 1364 2358 Ab·

320 2401 338 2431 ‘⁸
360 2396 431 2462 bati
447 2395 593 2483 exempti
608 2397 802 2462 Monaeterii
818 2396 934 2463 Sancti
949 2396 1083 2476 Albani,
1098 2397 1138 2462 de
1152 2397 1235 2462 villa
1250 2395 1364 2462 Sancti

318 2507 335 2534 “
357 2497 489 2580 Albani,
513 2505 548 2565 et
571 2499 715 2586 ejusdem
729 2499 793 2565 loci
816 2499 1013 2581 Oonventui,
1036 2521 1093 2565 seu
1116 2499 1364 2585 quibuscunque

318 2606 336 2638 ‘⁸
359 2601 433 2666 eliis
446 2601 636 2669 nominibus
651 2606 853 2681 censeantur,
866 2603 1070 2668 omnimodos
1081 2601 1362 2688 transgressiones,

319 2711 336 2738 “
358 2703 504 2784 offensas,
529 2705 765 2792 mesprisiones,
780 2709 994 2792 contemptus,
1010 2710 1045 2770 ot
1059 2704 1291 2791 impetitiones,
1306 2725 1365 2790 per

317 2810 337 2840 “
359 2806 446 2893 ipsos
469 2807 636 2873 Abbatem
658 2812 693 2873 et
715 2807 930 2885 conventum,
961 2811 1040 2873 ante
1069 2807 1245 2894 septimum
1277 2807 1364 2872 diem

319 2913 337 2943 “
358 2908 513 2974 «ianuarii
542 2910 661 2976 ultimo
689 2911 905 2996 praeteritum,
931 2915 1046 2977 eontra
1067 2911 1206 2976 sormam
1236 2907 1366 2976 Statuti

320 3018 338 3046 “
360 3011 401 3076 de
423 3011 571 3078 liberatis
589 3035 772 3101 pannorum
791 3017 825 3079 et
849 3013 1056 3100 rapiciorum,
1072 3013 1174 3078 factos
1200 3011 1271 3077 sive
1293 3033 1366 3098 per-

318 3119 337 3148 “
357 3118 514 3201 petratos,
545 3116 634 3182 unde
664 3116 796 3202 punitio
826 3115 956 3182 caderet
985 3115 1022 3180 in
1051 3115 1246 3181 demendam
1275 3113 1365 3180 debi-

320 3221 336 3250 “
358 3221 438 3296 tam,
468 3239 526 3284 seu
562 3219 600 3284 in
628 3219 730 3285 finem
759 3223 794 3285 et
822 3218 1090 3306 redemptionem,
1120 3221 1181 3283 aut
1210 3216 1247 3283 in
1283 3215 1366 3282 alias

317 3325 336 3354 “
358 3341 473 3407 poenas
490 3321 702 3408 pecuniarias,
717 3344 775 3388 seu
795 3321 1095 3411 imprisonnmente,
1112 3319 1259 3388 Statutis
1282 3341 1366 3407 prae-

317 3425 335 3456 “
357 3421 456 3488 dictis
492 3445 560 3490 non
597 3423 814 3490 obstantibus.
862 3425 907 3489 Et
944 3425 1086 3512 insuper,
1125 3445 1167 3489 ex
1200 3428 1294 3490 motu
1331 3426 1366 3488 et

317 3528 335 3558 “
357 3525 495 3591 scientia
522 3527 643 3592 nostris
672 3527 850 3613 praedictis,
880 3527 1143 3615 perdonavimus,
1172 3526 1367 3604 remisimus,

316 3631 334 3659 ‘⁶
357 3632 392 3692 et
415 3628 646 3710 relaxavimus,
672 3629 795 3696 eisdem
819 3629 946 3695 Abbati
972 3634 1007 3695 et
1031 3629 1220 3697 Conventui¹
1243 3633 1366 3694 sectam

318 3733 335 3761 ‘⁶
358 3729 447 3816 pacis
471 3735 698 3817 nostraeque
724 3733 767 3797 ad
791 3753 851 3797 nos
878 3753 992 3798 versus
1017 3732 1104 3819 ipsos
1128 3732 1282 3818 pertinet,
1306 3751 1366 3818 pro

315 3839 332 3865 “
355 3833 552 3900 omnimodis
576 3834 827 3921 proditionibus,
847 3834 1001 3918 murdris,
1015 3835 1166 3922 raptibus
1181 3834 1365 3912 mulierum,

316 3942 334 3973 “
356 3939 599 4021 rebellionibus,
621 3941 922 4019 insurrectionibns,
947 3942 1087 4023 feloniis,
1116 3939 1367 4028 conspirationi-

315 4048 333 4077 “
356 4042 425 4123 bus,
457 4045 690 4132 cambipsrtiis,
720 4045 986 4125 manutenentiis,
1011 4050 1044 4112 et
1074 4045 1298 4126 imbraciariis,
1329 4065 1367 4110 ac

318 4153 333 4180 ‘⁴
356 4145 429 4212 aliis
459 4147 782 4236 transgressionibus,
805 4149 945 4232 offensis,
970 4147 1210 4236 ²negligensiis‚
1233 4144 1368 4213 ³extor·

316 4255 332 4337 .“
354 4249 513 4331 tionibus,
551 4251 831 4339 mesprisionibus,
870 4251 1076 4338 ignorantiis,
1115 4249 1368 4336 contemptibus,

316 4356 334 4386 “
356 4351 619 4433 consolamentis‚
642 4353 869 4432 forisfacturis,
885 4359 919 4420 et
934 4353 1190 4440 deceptionibus,
1206 4374 1265 4440 per
1279 4353 1367 4438 ipsos

315 4456 332 4487 “
355 4451 523 4520 Abbatem
538 4459 573 4520 et
588 4454 801 4522 Conventum
825 4461 904 4522 ante
928 4456 1053 4523 dictum
1078 4455 1255 4542 septimum
1279 4455 1368 4520 diem

315 4560 333 4588 “
354 4553 510 4623 «ianuarii
539 4559 813 4648 qualitercunque
842 4558 937 4626 factis
968 4559 1038 4660 sive
1072 4559 1293 4648 perpetratis:
1332 4577 1370 4625 ac

352 4801 529 4856 ¹Thisinitn1
539 4805 613 4857 letter
631 4803 654 4856 is
671 4807 724 4858 also
743 4820 819 4858 orna·
902 4803 1192 4872 ²ne09e9aeoinMS.

315 4883 416 4934 museo
426 4884 489 4936 with
500 4892 600 4949 trecery
612 4887 691 4936 work.
902 4881 1099 4936 3ι’,τίονείοιιίἱιιισ
1109 4883 1137 4936 in
1148 4885 1206 4938 MS.

1173 4981 1194 5030 '1'
1217 4969 1237 5030 2
