3588 5838
433 892 477 954 40
767 902 965 953 recuruum
987 899 1145 950 maurrn

266 1099 453 1158 nD.1ees.“
475 1091 588 1158 ‘batis
627 1095 662 1157 et
695 1091 897 1166 Conventus,
926 1094 962 1153 et
995 1107 1214 1152 successorum
1245 1107 1390 1168 suorum,
1427 1105 1486 1173 pro

436 1199 454 1230 “
479 1199 650 1281 ‘tempore
681 1193 855 1269 existente,
884 1191 973 1277 apud
1003 1191 1126 1256 dictam
1156 1189 1272 1256 villam
1296 1189 1337 1255 de
1364 1189 1486 1256 Sancto

436 1305 452 1333 “
477 1297 639 1375 ‘Albane
662 1296 716 1361 vel
738 1294 818 1360 alibi
840 1293 927 1358 infra
956 1293 1142 1358 libertatem
1165 1291 1366 1379 praedictam,
1388 1297 1488 1379 prout

438 1405 455 1434 ‘⁸
480 1405 538 1466 ‘et
563 1398 622 1464 ubi
646 1397 693 1464 eis
716 1397 884 1484 placuerit,
906 1395 1061 1461 tenendis
1087 1401 1121 1460 et
1145 1393 1424 1474 determinandis;
1455 1399 1489 1459 et

438 1511 454 1538 “
479 1501 591 1588 ‘quod
614 1500 702 1565 idem
726 1497 941 1575 Senescallus,
956 1498 1001 1562 sic
1023 1519 1082 1584 pro
1097 1502 1244 1584 tempore
1267 1497 1423 1577 existens,
1446 1495 1490 1561 sd

438 1613 455 1640 “
480 1613 488 1639 ‘
503 1603 613 1670 omnia
626 1607 661 1668 et
675 1600 813 1688 singsda,
829 1601 1009 1666 secundum
1026 1598 1112 1686 juris
1127 1599 1338 1686 exigentiam,
1350 1600 1391 1664 de
1406 1603 1490 1663 tem-

439 1715 455 1742 “
477 1715 486 1742 ‘
501 1727 580 1795 pore
595 1706 633 1770 in
647 1709 778 1791 tempus
793 1701 879 1767 infra
895 1701 1018 1767 dictam
1033 1701 1145 1766 villam
1160 1701 1202 1766 de
1216 1702 1338 1768 Sancto
1349 1700 1491 1778 Albano,

441 1819 459 1844 “
482 1809 559 1875 ‘vel
581 1807 662 1874 alibi
684 1805 772 1871 infra.
793 1805 982 1871 libertatem
1008 1803 1209 1890 praedictam,
1233 1809 1272 1869 ut
1294 1803 1490 1891 preadictum

444 1921 460 1948 “
485 1917 566 1990 ‘est,
589 1907 705 1974 audiat
727 1914 761 1973 et
784 1907 992 1988 determinet,
1015 1907 1064 1972 ita
1086 1906 1175 1992 quod
1198 1907 1309 1972 nullus
1330 1905 1490 1972 Justicia-

441 2023 458 2051 “
481 2014 573 2079 ‘rius
602 2016 723 2089 noster,
753 2011 808 2075 vel
839 2009 1007 2074 haeredum
1031 2013 1227 2091 nostrorum,
1259 2001 1410 2086 Burones,¹
1433 2029 1491 2072 seu

441 2126 458 2154 “
481 2117 600 2192 ‘Baro,
623 2113 663 2178 de
687 2111 854 2179 Soeocario
877 2117 999 2190 nostra,
1022 2111 1077 2177 vel
1099 2111 1267 2178 haeredum
1296 2115 1493 2189 nostrorum,

441 2229 458 2256 “
482 2215 719 2284 ‘commissarii
748 2215 792 2282 ad
818 2214 1048 2301 inquisitiones
1081 2213 1256 2301 capiendas
1292 2213 1493 2300 assignandi,

442 2329 460 2359 “
483 2318 713 2386 ‘Senescallus
751 2322 785 2384 at
816 2316 1036 2394 Marescellus,
1065 2337 1123 2381 seu
1155 2315 1300 2382 Clericus
1329 2314 1492 2382 ¹Marcati

443 2432 462 2460 “
487 2421 661 2510 ‘Hospitii
684 2420 799 2500 nostri,
814 2419 870 2484 vel
891 2419 1059 2484 haeredum
1081 2423 1279 2498 nostrorum,
1295 2417 1492 2501 vicecomes,

445 2533 462 2562 ‘⁸
484 2525 699 2602 ‘Coroustou
723 2521 905 2603 officiarius,
929 2542 986 2586 seu
1009 2519 1160 2587 minister
1181 2527 1303 2603 noster,
1319 2522 1373 2586 vel
1390 2521 1493 2586 haere-

444 2635 461 2665 “
484 2628 587 2693 ‘dum
610 2630 805 2704 nostrorum,
821 2645 856 2690 se
877 2623 964 2689 infra
986 2623 1090 2704 villas,
1114 2622 1331 2702 hundredum,
1347 2627 1383 2689 et
1396 2623 1494 2689 liber-

446 2739 464 2770 “
488 2735 626 2808 ‘tatem,
649 2729 808 2816 praedicto
831 2727 1021 2813 aliqualiter
1042 2726 1250 2814 ingrediatur
1271 2749 1330 2793 seu
1351 2727 1494 2814 ingredi-

445 2841 462 2870 “
486 2837 617 2909 ‘antur
640 2851 699 2896 nec
721 2852 757 2896 se
778 2829 959 2896 ullomodo
975 2828 1062 2894 infra
1075 2828 1182 2908 villus,
1197 2829 1414 2910 hundredum,
1437 2850 1495 2895 seu

446 2943 463 2972 “
486 2935 707 3011 ‘libertatem
730 2931 899 3021 praedicta,
928 2953 987 2998 seu
1023 2931 1168 3019 aliquem
1201 2931 1280 2997 inde
1312 2930 1495 3019 parcellam,

446 3045 463 3074 “
486 3036 746 3113 ‘intromittant
772 3057 830 3100 seu
854 3056 967 3100 eorum
989 3034 1108 3121 aliquis
1137 3034 1350 3114 intromittet,
1373 3055 1433 3099 nec
1455 3033 1496 3099 de

447 3149 465 3177 “
487 3139 676 3226 ‘aliquibus
706 3136 836 3224 placitis
865 3136 990 3202 ibidem
1013 3135 1174 3218 tenendis,
1196 3140 1256 3201 aut
1282 3135 1370 3201 infra
1392 3135 1495 3216 villas,

447 3251 463 3280 “
488 3239 729 3318 ‘hundredum
762 3243 797 3304 et
825 3237 1023 3316 libertatem,
1056 3239 1222 3325 praedicto,
1254 3238 1497 3325 emergentibus

448 3353 466 3381 “
490 3344 583 3409 ‘sive
606 3338 817 3427 emergendis,
839 3361 900 3405 nec
915 3341 956 3406 de
969 3339 1137 3426 aliquibus
1154 3341 1270 3427 jurata
1291 3362 1349 3406 eeu
1365 3341 1497 3427 juratis,

448 3454 465 3482 “
489 3443 641 3532 ‘panello
664 3463 721 3508 seu
736 3441 884 3528 panellis,
900 3442 1115 3528 inquisitione
1138 3464 1196 3509 seu
1217 3443 1498 3530 inquisitionibus,

449 3555 465 3584 ‘⁶
489 3555 497 3582 ‘
520 3551 580 3612 sut
603 3545 644 3610 de
668 3542 918 3631 quibuscunque
937 3543 1011 3608 eliis
1033 3544 1139 3626 rebus,
1162 3545 1267 3624 terris,
1290 3546 1497 3627 tenementis,

450 3658 466 3685 “
492 3653 574 3714 ‘aut
596 3646 678 3711 alies
701 3667 814 3712 causas
837 3669 895 3712 seu
914 3645 1070 3712 materias
1084 3668 1295 3734 quascunque
1315 3653 1497 3736 tangentes,

450 3761 466 3788 “
491 3757 724 3837 ‘emergentes
747 3770 803 3814 seu
827 3747 1046 3836 emergendas,
1069 3748 1125 3814 vel
1150 3755 1388 3829 concernentes,
1411 3751 1498 3816 infru

450 3862 467 3892 “
491 3853 617 3932 ‘villas
644 3851 861 3931 hundredum,
884 3856 920 3918 et
948 3851 1145 3929 libertatem,
1168 3853 1333 3939 praedicta,
1356 3858 1416 3919 eut
1437 3854 1498 3919 ali-

450 3965 467 3994 “
491 3963 614 4043 ‘quam
636 3954 714 4021 inde
744 3954 926 4041 parcellam,
950 3953 1014 4018 nisi
1038 3951 1263 4020 ²solummodo
1286 3953 1498 4034 Senescellus,

451 4069 468 4096 “
493 4057 638 4136 ‘bellivi
661 4056 819 4138 officiarii,
843 4079 901 4122 seu
923 4055 1078 4137 ministri,
1101 4057 1334 4143 praedictorum
1356 4057 1500 4124 Abbatis

450 4172 467 4200 “
490 4168 499 4197 ‘
514 4167 548 4239 et
558 4161 758 4238 Conventus,
768 4180 826 4225 seu
840 4180 1061 4225 successorum
1076 4179 1209 4224 snorum
1223 4156 1279 4223 ³in
1295 4165 1498 4245 perpetuum.

451 4272 468 4300 ‘⁸
491 4262 742 4331 ‘Concessimns
767 4260 878 4340 etiam,
901 4283 960 4347 pro
987 4259 1082 4326 nobis
1103 4263 1138 4326 et
1160 4259 1347 4326 haeredibus
1369 4261 1499 4341 nostris,

452 4374 469 4403 ‘⁸
490 4365 637 4432 ‘eisdem
651 4363 778 4430 Abbati
800 4369 835 4428 et
851 4361 1047 4442 Conventui,
1063 4362 1152 4448 quod
1166 4361 1237 4450 ipsi,
1253 4366 1287 4429 et
1302 4383 1500 4430 successores

453 4477 469 4504 “
491 4469 574 4549 ‘sui,
590 4489 650 4554 per
670 4465 800 4552 litteras
822 4486 896 4530 suus
919 4470 1080 4552 petentes,
1103 4463 1207 4530 faeere
1229 4465 1364 4552 possint,
1380 4467 1500 4532 consti·

485 4740 546 4793 ¹Sie
558 4737 654 4791 inme.
1031 4737 1261 4805 ³r'mperpetuumin
1273 4739 1329 4792 MS.

484 4819 495 4853 ²
506 4818 624 4900 roboredo
634 4817 659 4869 in
673 4817 729 4870 MS.
