3582 5838
406 877 410 887 '
489 889 662 942 rensuum
684 888 967 942 annuissemus
989 891 1167 946 secunus.
1229 865 1233 879 '
1284 883 1347 948 183

388 1077 499 1144 Plebis
521 1077 552 1143 ei
569 1077 705 1164 junctae,
727 1075 861 1158 fallacis,
885 1081 919 1142 et
941 1076 1114 1144 insidiosae.
1359 1083 1513 1136 A·D·14⁵⁵·

389 1180 476 1244 Nam
500 1179 600 1266 Regis
620 1184 759 1266 patruus
781 1180 939 1266 quemvis,
962 1183 997 1246 et
1020 1180 1189 1267 proximus
1211 1179 1324 1260 haeres,

388 1282 480 1348 Tunc
501 1281 666 1368 fueritque
689 1303 767 1348 suns
790 1282 957 1348 consultor
978 1282 1015 1346 in
1037 1282 1152 1348 ordine
1173 1282 1308 1369 primus,

387 1383 450 1450 Vir
470 1384 688 1472 prudensque,
711 1384 795 1471 pius,
819 1384 873 1449 vir
895 1384 1019 1462 doetus,
1043 1389 1077 1450 et
1100 1384 1298 1471 ingeniosus,

387 1485 465 1552 Non
487 1490 601 1552 tamen
623 1485 764 1564 erubuit,
786 1507 847 1552 nec
867 1485 1050 1573 pertimuit,
1072 1507 1114 1552 ve
1135 1488 1288 1573 pepercit,

388 1588 488 1654 Hunc
509 1609 661 1654 accusare
683 1587 763 1654 false
786 1588 827 1654 de
850 1587 1047 1676 proditione,

387 1690 504 1757 Dicere
527 1691 678 1777 quodque
700 1712 794 1756 suam
816 1691 901 1755 clam
923 1689 1023 1756 vellet
1045 1689 1159 1758 tollere
1180 1691 1294 1770 vitam,

388 1793 433 1858 Et
455 1793 521 1858 sibi
541 1793 705 1880 surripere
727 1792 890 1858 violenter
907 1792 986 1879 jura
1008 1814 1143 1862 coronae.

386 1895 511 1961 Divitis
532 1899 707 1982 argentum
728 1895 896 1982 proprium
919 1895 976 1981 qui
999 1899 1110 1984 captat
1132 1895 1169 1960 in
1191 1917 1296 1977 usum,

386 1996 561 2063 Desiderat
583 1997 729 2063 medium
750 2018 814 2082 quo
837 1997 990 2063 vendicet
1012 1997 1122 2084 aptius
1143 1997 1260 2085 ipsum.

387 2097 441 2165 Sic
464 2099 588 2187 Regem
610 2099 720 2186 plures
741 2099 934 2165 comitantes
957 2099 1154 2165 collaterales

387 2201 564 2269 Sectantur
585 2202 739 2289 praedam,
762 2201 886 2267 mediet
909 2191 1008 2281 frads,
1029 2201 1087 2266 dat
1112 2201 1207 2268 dolus
1229 2201 1342 2288 ipsam.

385 2308 500 2374 Fidior
521 2309 558 2374 in
579 2329 680 2395 regno
703 2307 787 2395 Regi
810 2308 903 2374 Duce
923 2329 991 2373 non
1012 2307 1078 2373 fuit
1099 2307 1172 2387 isto,

386 2409 507 2476 Plusve
528 2409 594 2476 fide
616 2407 754 2487 stabilis,
775 2413 834 2474 aut
857 2408 962 2494 major
984 2413 1111 2474 amator
1132 2408 1272 2478 honoris.

296 2559 301 2578 ,
386 2511 432 2578 Et
453 2518 574 2591 tamen
595 2516 635 2578 ut
658 2509 769 2598 praedo
791 2515 870 2576 voto
890 2510 1053 2598 potiretur
1074 2511 1196 2598 iniquo,

388 2613 551 2680 Fraudem
574 2613 745 2695 consuluit,
769 2635 844 2678 cum
865 2612 979 2678 fraude
1002 2612 1114 2678 dolum
1136 2612 1283 2680 sociavit.

387 2716 506 2802 Sicque
528 2718 654 2783 Ducem
676 2715 756 2782 false
779 2715 947 2780 maculans
973 2714 1013 2780 de
1036 2709 1230 2801 proditione,

386 2817 717 2901 1Obtinuitvotum,
740 2816 903 2904 praedator
925 2821 1060 2901 eratque
1082 2814 1243 2880 bononem

386 2921 502 3002 Illius,
525 2925 560 2987 et
584 2921 688 2986 tristis
711 2920 794 2985 obiit
818 2919 906 2996 Dux,
930 2917 1076 2984 criminis
1098 2938 1222 3004 expers.

296 3187 488 3256 Dcolcrotto
520 3187 636 3268 altero,
661 3187 761 3275 forto
791 3208 858 3274 pro
879 3183 1031 3253 nomae
1064 3185 1157 3250 Daca
1187 3179 1342 3260 morosi,

380 3312 448 3379 pro
469 3289 690 3377 wmtbuaqae
712 3288 806 3370 aliis,
822 3289 883 3376 qut
904 3285 1140 3374 interfuerunt
1162 3307 1276 3352 accusor
1300 3283 1343 3350 ic

385 3392 545 3480 conflicta
566 3391 678 3460 tutilo
700 3391 801 3479 infra
822 3390 945 3457 villam
966 3387 1088 3458 scaete·
1109 3387 1250 3455 Alcaei.

336 3533 478 3602 ²Eodem
491 3534 606 3621 itaque
621 3533 843 3600 Parliamento
858 3533 946 3598 facta
960 3534 1032 3598 erat
1047 3530 1223 3597 declaratio
1237 3529 1342 3596 altera
1352 3552 1512 3605 Decumum

295 3658 355 3725 pro
377 3636 522 3703 Domino
544 3636 636 3702 Duce
658 3637 699 3701 de
723 3635 877 3717 Eboraco,
898 3656 1021 3722 proque
1044 3633 1236 3713 comitibus,
1256 3633 1342 3698 mili·
1353 3622 1425 3738 Ἐξ
1432 3620 1509 3738 ξὲθ

295 3739 395 3818 tibus,
418 3737 588 3816 scutiferis,
613 3737 776 3820 archariis,
804 3737 993 3824 sagittariis,
1020 3758 1058 3802 ac
1081 3736 1233 3802 omnibus
1259 3733 1465 3813 aliisumm

296 3841 356 3928 qui
377 3861 485 3908 secum
508 3841 551 3906 ad
572 3839 687 3906 villam
710 3839 825 3906 Sancti
839 3838 963 3904 Albani
984 3842 1153 3916 venerant,
1168 3857 1341 3922 secumque
1353 3819 1502 3950 ζζξξζξῃ

295 3943 352 4023 ibi,
382 3947 442 4008 aut
470 3943 507 4008 in
536 3941 692 4007 conflictu
717 3944 776 4007 aut
806 3944 881 4029 post
908 3939 1104 4018 conflictum,
1127 3936 1255 4022 aliquid
1284 3958 1462 4068 ex'ffioe

294 4066 401 4112 cessus
415 4045 487 4112 sive
501 4049 722 4132 transgressus
744 4043 930 4124 faciebant3
950 4044 1000 4108 ita
1022 4041 1110 4128 quod
1131 4039 1251 4118 nidlus,
1271 4038 1341 4104 sive
1353 4085 1428 4134 Duke
1438 4084 1469 4134 of

294 4147 392 4214 laesus
427 4147 465 4213 in
497 4167 637 4234 corpore,
670 4145 740 4212 sive
770 4145 929 4232 spoliatus
964 4144 1000 4210 in
1036 4142 1139 4221 bonis,
1174 4141 1245 4207 sivo
1283 4140 1486 4230 ali-lorksru

295 4271 359 4336 quo
392 4249 458 4316 alio
488 4249 585 4314 modo
614 4247 699 4313 male
724 4252 895 4325 tractatus,
925 4249 985 4311 aut
1017 4244 1180 4331 injuriose,
1212 4247 1343 4329 poterat
1353 4217 1482 4334 ff*

294 4351 400 4418 ullum
422 4352 459 4418 in
479 4351 550 4439 lege
572 4351 694 4417 habere
717 4349 988 4434 remediumque
1010 4347 1119 4412 illatas
1141 4345 1274 4412 valebat
1291 4343 1343 4408 in·

289 4452 396 4541 jurias
426 4452 568 4540 juridice
597 4451 776 4518 vindicare.
821 4450 866 4516 Vi
896 4448 1018 4516 etenim
1043 4452 1077 4513 et
1103 4446 1216 4534 vigore
1245 4444 1343 4512 diotae

326 4715 567 4781 ¹0ptiamtinMS.
844 4709 1177 4779 suppliedinillumination.

327 4795 405 4850 ²'l'lre
416 4794 581 4850 mulctaris
591 4793 712 4857 omitted3
729 4795 796 4848 tobe
