3588 5838
484 908 658 960 somme
681 911 967 963 wumfflsrrna
989 913 1166 967 SECUNDAE.
1282 904 1342 968 121

296 1107 317 1138 “
339 1121 413 1168 eum
437 1099 554 1178 dicere,
579 1099 741 1186 faterique
766 1100 967 1182 veritatem3
990 1102 1077 1189 quia,
1103 1103 1160 1190 qui
1183 1125 1242 1192 pro
1265 1111 1512 1172 tuscanum.

297 1211 314 1238 “
336 1203 459 1270 recedit
488 1227 510 1268 a
537 1223 628 1284 vero,
659 1201 782 1269 recedit
811 1225 833 1269 a
869 1203 948 1283 Deo,
978 1205 1169 1292 acceditque
1198 1207 1240 1272 nd
1270 1229 1345 1273 eum

297 1311 315 1342 ‘⁴
336 1307 395 1394 qui
430 1307 542 1373 fautor
577 1312 629 1372 sst
664 1304 818 1386 fictionis,
847 1305 1052 1394 ¹auctorque
1093 1310 1345 1380 mendaciorum.

296 1408 438 1476 “Absit
462 1409 567 1496 igitur
595 1413 636 1474 ut
666 1409 737 1496 ipse
766 1430 826 1497 pro
858 1413 938 1477 tunc
963 1410 1010 1476 sic
1036 1410 1161 1479 diceret
1190 1415 1346 1500 quatinus

299 1517 317 1547 “
338 1511 456 1578 fratres
470 1512 626 1579 illuderet
646 1512 802 1592 credulos,
823 1518 858 1580 et
880 1513 976 1580 nobis
995 1514 1138 1582 sinistrae
1153 1517 1347 1604 suspicionis

299 1615 509 1682 “materiam
536 1615 762 1696 ministraret;
787 1616 848 1682 boc
874 1615 963 1682 enim
988 1638 1056 1683 non
1086 1624 1171 1686 esset
1198 1620 1344 1687 medium

299 1723 316 1752 “
338 1717 381 1783 ad
407 1717 615 1805 dirigendum
645 1717 711 1784 iter
736 1739 831 1784 suum
863 1717 900 1783 in
921 1719 1012 1785 viam
1036 1719 1153 1786 salutis
1187 1726 1346 1804 aeternae;

298 1825 316 1854 “
339 1817 461 1885 'immo
485 1820 603 1897 verius,
631 1824 864 1907 argumentum
889 1821 934 1886 ad
957 1822 1217 1889 concludendum
1239 1825 1347 1912 ipsum

298 1929 316 1956 “
337 1921 438 1988 fuisse
466 1943 633 1989 reversum
663 1921 707 1987 sd
736 1925 860 1988 terram
890 1922 1107 2007 tenebrosam,
1133 1930 1168 1992 et
1198 1921 1346 2014 opertam
1395 1909 1407 1938 ‘

298 2033 316 2059 “
339 2025 454 2090 mortis
483 2022 656 2112 ³caligine,
688 2031 821 2104 terram,
851 2025 1015 2104 videlieet,
1046 2027 1146 2110 illam,
1177 2029 1236 2094 ubi
1267 2031 1347 2096 ordo

298 2133 316 2162 ‘⁴
338 2127 458 2207 nullus,
492 2127 550 2192 sed
583 2127 699 2192 horror
731 2127 958 2214 sempiternus,
993 2127 1116 2196 dieitur
1153 2130 1346 2200 inhabitare.

298 2229 434 2309 “Quod
469 2229 559 2296 Deus
595 2229 729 2295 omnino
756 2229 940 2315 prohibeat,
966 2235 1006 2297 ut
1029 2231 1104 2317 quis
1127 2231 1267 2298 fratrum
1300 2234 1348 2301 sic

299 2335 317 2366 ‘⁴
340 2331 463 2397 diceret
486 2337 546 2398 aut
571 2331 727 2412 crederet,
754 2337 814 2397 aut
837 2333 1084 2420 quomodolibet
1098 2335 1134 2399 in
1156 2357 1216 2402 suo
1235 2338 1347 2403 animo

298 2440 316 2468 “
339 2435 526 2500 estimaret.
573 2433 701 2500 Pudeat
729 2433 843 2520 igitur,
874 2435 984 2514 frater,
1014 2437 1195 2504 etiterum
1225 2439 1348 2526 pudeat

299 2545 317 2573 “
338 2543 380 2614 te,
407 2535 575 2623 Superiori
603 2541 662 2602 tuo
688 2536 918 2602 contravenire
941 2543 1088 2626 tempore
1113 2539 1189 2618 ullo,
1206 2547 1240 2608 st
1264 2563 1347 2630 prse-

299 2639 431 2727 “cipue
464 2639 500 2704 in
534 2638 638 2705 flebili
674 2637 756 2704 hora
791 2659 860 2705 sure
895 2639 1025 2708 ultimae
1060 2643 1347 2731 commigrationis.

299 2741 449 2823 “Quare
476 2743 504 2808 si
531 2741 612 2829 quid
637 2739 777 2808 ulterius
801 2741 959 2809 dedistis
979 2745 1128 2830 pecuniis
1151 2745 1186 2810 in
1203 2754 1263 2814 tua
1277 2769 1348 2814 cus·

299 2845 431 2912 “todia
456 2844 618 2922 habueris,
645 2843 754 2910 indica
780 2844 876 2910 nobis
903 2845 987 2910 clam
1010 2846 1065 2912 vel
1091 2847 1208 2933 palam,
1230 2855 1265 2915 et
1287 2871 1347 2916 nos

301 2959 316 2984 “
339 2957 434 3014 tuum
458 2946 662 3013 servabimus
684 2947 849 3024 honorem,
873 2949 995 3034 absque
1020 2947 1186 3016 dedecoris
1213 2953 1346 3031 macula,

298 3061 318 3087 “
338 3051 407 3116 sive
433 3048 595 3115 nubecula
621 3049 915 3116 scandalizationis.
975 3050 1085 3117 Grave
1111 3051 1208 3129 enim,
1235 3055 1346 3132 frater,

299 3165 317 3190 “
339 3161 390 3220 est
411 3159 589 3241 peorrmum,
607 3151 726 3218 babere
749 3152 922 3239 peculium,
945 3153 1081 3240 gravius
1103 3175 1191 3234 vero,
1216 3151 1346 3235 ²immo,

300 3267 317 3292 “
338 3255 578 3344 gravissimum,
600 3254 712 3340 jurare
735 3259 769 3320 et
791 3253 958 3341 perjurare
981 3253 1102 3322 habere
1124 3256 1227 3323 eum.'’
1251 3321 1256 3334 ,

343 3359 492 3445 Cumque
516 3363 621 3423 staret
645 3356 749 3422 frater
770 3357 834 3422 iste
856 3378 983 3445 semper
1003 3358 1180 3426 immobilis
1206 3361 1413 3438 iuvaris-Th,
1425 3389 1513 3440 Arbor

297 3461 437 3547 bilisque
461 3461 497 3526 in
522 3459 590 3524 suis
614 3459 721 3536 dictis,
745 3480 805 3524 nec
828 3459 926 3524 fateri
950 3460 1059 3538 vellet,
1087 3461 1156 3528 ulla
1170 3463 1501 3534 verbommefflqu*

297 3564 535 3642 exhortatione,
560 3583 595 3628 se
617 3561 739 3628 habere
760 3560 849 3648 apud
867 3583 901 3628 se
926 3561 1053 3650 aliquid
1067 3563 1206 3632 ulterius
1227 3568 1268 3633 de
1291 3591 1346 3655 pe·
1359 3523 1501 3640 ddundrbdo-

298 3667 403 3733 cuniis
426 3664 624 3742 memoratis,
646 3663 755 3730 vocari
774 3669 855 3730 tunc
878 3664 956 3730 fecit
976 3665 1089 3732 Abbes
1114 3669 1249 3734 fratrem
1264 3653 1468 3772 alte-ffb„

297 3791 381 3850 rum,
411 3767 634 3856 Capelianum,
665 3765 826 3843 videlicet,
858 3767 1028 3846 seniorem,
1053 3771 1273 3858 quaesivitque
1302 3773 1345 3838 ab
1358 3785 1473 3854 wdinga

298 3871 368 3957 ipso
395 3893 496 3959 quare
518 3891 587 3936 non
613 3869 756 3935 deferret
781 3868 816 3933 in
843 3869 986 3934 medium
1012 3892 1173 3938 summam
1199 3875 1346 3960 pecuniae
1357 3851 1503 3969 ssffie’lffi,

297 3973 473 4050 residuam
496 3993 595 4058 quam
617 3992 696 4037 suus
718 3969 875 4058 Superior
901 3972 1070 4038 fatebatur
1093 3973 1130 4039 in
1155 3997 1215 4040 sus
1241 3985 1346 4042 morte
1359 3935 1516 4048 «bobonis,

298 4075 486 4164 deposuisse
521 4073 609 4161 apud
647 4095 730 4138 eum.
788 4071 863 4154 Qui,
889 4073 925 4138 in
960 4075 1113 4142 omnibus
1141 4099 1215 4143 oum
1245 4052 1517 4170 fratre32¹1,ss‘'fss’⁸

299 4179 406 4265 priore
434 4178 472 4242 in
502 4176 600 4242 dictis
630 4175 700 4241 suis
729 4177 936 4254 conveniens,
960 4177 1091 4263 juravit
1116 4186 1150 4245 et
1175 4181 1345 4266 rejuravit,
1358 4182 1469 4235 retained

298 4280 488 4368 legavitque
513 4277 660 4343 animam
690 4298 783 4343 suam
814 4279 990 4344 inferorum
1019 4281 1231 4367 principiae
1260 4284 1345 4349 ulte-
1358 4249 1517 4381 2?ssthss

297 4384 376 4460 rius,
395 4381 461 4448 sibi
482 4379 662 4446 interdixit
679 4381 873 4467 ingressum,
894 4387 969 4467 post
993 4381 1170 4463 decessum,
1191 4385 1235 4450 ad
1258 4385 1347 4472 pala·
1358 4383 1492 4460 ΨΜ

299 4485 384 4552 tium
421 4483 577 4562 Paradisi,
603 4483 633 4548 si
663 4483 704 4548 de
736 4481 833 4548 dictis
863 4483 1011 4568 pecuniis
1040 4483 1178 4552 baberet
1207 4487 1346 4556 ulterius
1358 4448 1410 4566 ξιξ
1420 4449 1515 4568 md

333 4745 339 4778 1
352 4751 471 4808 amq„
482 4743 510 4793 i„
521 4743 578 4794 ΜΒ,
882 4741 936 4792 ’In
954 4741 1060 4793 allusion
1081 4745 1203 4812 probably
1220 4755 1248 4799 to
1265 4747 1349 4802 Prata

332 4823 405 4886 aym,
416 4822 443 4870 jn
456 4822 511 4873 MS,
850 4820 920 4872 xxiii.
934 4829 955 4872 4.
