3668 5842
534 895 708 947 cossurus
729 893 1015 965 wnnrnrrrsrnn
1036 899 1212 952 securum
1333 891 1397 956 263

349 1089 367 1118 “
388 1073 497 1150 facies.
535 1083 581 1152 Et
595 1084 656 1152 hoe
668 1089 719 1166 tu,
734 1086 870 1174 preefete
886 1085 1081 1168 Viceoomes,
1096 1090 1285 1158 nulletenus
1300 1092 1477 1158 omre-en.
1492 1105 1564 1154 rese.

347 1189 367 1222 “
388 1190 448 1252 tes
495 1187 654 1256 Nolentes
675 1192 788 1256 temen
809 1189 906 1278 ipsos,
923 1212 982 1277 pro
997 1191 1116 1278 quibus
1138 1192 1258 1280 uliquae
1280 1215 1397 1282 excep-

349 1295 368 1323 “
389 1289 505 1368 tiones,
527 1289 598 1357 sive
626 1291 836 1379 provisiones,
867 1313 964 1380 super
993 1299 1070 1360 ectu
1096 1295 1254 1382 predicto
1291 1296 1395 1375 fsetae,

349 1397 367 1425 “
388 1395 539 1479 egreette,
554 1398 589 1459 et
602 1393 639 1459 in
654 1394 859 1462 Sceooerium
873 1402 1031 1476 nostrum,
1047 1419 1157 1464 eorem
1179 1399 1395 1467 Theeeurerio

350 1501 368 1528 ‘¹
389 1499 424 1559 et
453 1495 637 1562 Beronibus
663 1499 785 1564 nostris
814 1498 988 1585 praedictis,
1020 1500 1208 1568 certificatos
1238 1502 1395 1584 existunt,

347 1603 365 1630 “
388 1596 492 1663 colore
514 1599 685 1685 proesentis
706 1600 856 1667 mandeti
878 1601 984 1667 nostri
1006 1602 1154 1669 indebite
1183 1605 1314 1691 gravari
1336 1611 1395 1671 eut

349 1705 368 1733 “
389 1699 512 1779 vexari,
527 1701 631 1779 vobis,
646 1707 681 1767 et
700 1702 834 1790 utrique
855 1707 1014 1782 vestrum,
1036 1703 1232 1771 mundemus
1246 1706 1344 1792 quod,
1364 1707 1394 1773 si

347 1805 365 1836 “
387 1802 462 1888 quis
475 1801 635 1889 ligeorum
657 1809 844 1871 nostrorum
866 1825 975 1872 eorem
989 1806 1091 1886 vobis,
1115 1827 1173 1872 sen
1195 1807 1300 1874 altero
1322 1829 1394 1874 ves·

348 1909 368 1940 “
391 1910 489 1984 trum,
505 1905 631 1992 aliquas
653 1905 841 1994 hujusmodi
861 1909 1079 1995 exceptiones,
1094 1909 1164 1974 sive
1179 1909 1391 1996 provisiones,

346 2015 445 2094 “pro
469 2029 504 2074 se
525 2029 623 2096 super
644 2014 721 2075 ectu
742 1994 900 2098 proedicto
929 2010 966 2075 in
994 2031 1121 2098 genere,
1144 2011 1199 2077 vel
1220 2012 1257 2076 in
1279 2012 1393 2099 specie,

346 2115 364 2144 “
386 2107 498 2187 factes,
521 2132 578 2196 per
600 2109 700 2176 breve
722 2116 881 2192 nostrum,
895 2112 950 2178 vel
972 2113 1077 2192 eliter,
1100 2114 1315 2200 proposuerit,
1334 2136 1392 2182 seu

345 2219 363 2246 “
385 2211 585 2299 allegaverit,
609 2217 704 2300 capto
726 2213 769 2279 eb
801 2235 839 2280 eo
870 2217 1046 2282 securitate
1068 2221 1194 2304 perte,
1216 2217 1391 2304 preefetum

345 2321 363 2348 “
384 2314 625 2393 vicecomitem,
640 2315 683 2380 ed
699 2317 962 2403 respondendum
976 2317 1071 2384 nobis
1086 2317 1128 2384 de
1143 2319 1233 2384 omni
1248 2339 1286 2384 eo
1302 2319 1391 2406 quod

344 2421 363 2450 “
384 2417 428 2483 ed
448 2436 508 2481 nos
530 2417 567 2482 in
588 2417 651 2484 hec
672 2422 766 2505 perte
786 2417 991 2506 pertinuerit,
1013 2419 1042 2485 si
1064 2419 1254 2506 hujusmodi
1275 2443 1391 2509 excep·

342 2523 360 2554 “
383 2520 497 2600 tiones,
521 2518 591 2586 sive
622 2520 834 2607 provisiones,
856 2541 966 2586 eorem
989 2521 1087 2588 dietis
1117 2523 1334 2589 Theseurerio
1357 2530 1391 2589 et

343 2627 362 2656 “
384 2621 569 2688 Beronibus
589 2622 712 2688 nostris
734 2622 775 2688 de
799 2621 967 2690 Soecoerio
997 2623 1164 2712 proedicto,
1187 2646 1296 2692 ocrem
1318 2625 1391 2712 qui·

342 2731 360 2758 “
381 2723 444 2792 bus
465 2728 559 2792 ectus
580 2725 759 2811 predictus
780 2730 885 2792 restet
903 2726 944 2792 de
965 2727 1106 2803 recordo,
1130 2727 1295 2792 invalidos
1316 2749 1391 2814 pro-

340 2830 361 2861 “
381 2826 453 2891 beri
473 2825 658 2914 contigerit,
672 2831 753 2892 tune
771 2825 888 2914 ipsum,
908 2848 1075 2914 quousque
1090 2827 1127 2893 id
1145 2849 1253 2894 eorem
1269 2827 1390 2894 eisdem

342 2937 361 2964 “
381 2929 594 2995 Theseurerio
617 2933 652 2995 et
673 2929 857 2995 Beronibus
879 2929 1059 2995 discussum
1081 2929 1190 3009 fuerit,
1205 2935 1239 2996 et
1260 2931 1389 2996 snobis

340 3037 358 3068 ‘¹
380 3030 472 3097 eliud
493 3029 682 3110 habueritis,
697 3053 755 3096 seu
776 3031 863 3098 ulter
888 3036 1036 3097 vestrum
1058 3031 1223 3112 hebuerit,
1238 3031 1276 3096 in
1294 3051 1388 3097 men·

246 3135 252 3150 '
341 3139 360 3169 “
382 3133 476 3212 detis,
501 3133 652 3220 quietum
681 3155 750 3200 esse
776 3133 989 3221 permittetis,
1015 3139 1050 3199 et
1080 3138 1219 3219 uterque
1241 3137 1389 3200 vestrum

340 3235 530 3322 “quietum
552 3255 622 3302 esse
643 3235 823 3322 permittet.
870 3236 927 3302 Ito
952 3255 1087 3323 semper,
1109 3236 1198 3322 qnod
1220 3235 1261 3302 de
1283 3234 1387 3302 omni·

338 3343 357 3372 ‘⁴
379 3335 442 3403 bus
479 3342 513 3402 et
543 3337 678 3425 singulis
712 3337 901 3421 honoribus,
939 3339 1063 3418 cestris,
1094 3337 1259 3420 dominiis,
1289 3337 1387 3416 villis,

338 3445 355 3474 “
377 3439 513 3523 villatis,
535 3439 700 3518 maneriis,
723 3440 830 3521 terris,
862 3441 1068 3520 tenementis,
1091 3445 1126 3506 et
1147 3440 1275 3507 coeteris
1304 3463 1388 3529 pree·

338 3549 355 3576 “
377 3541 493 3621 missis,
509 3563 567 3628 per
582 3563 641 3607 noe
656 3542 740 3609 citro
754 3544 899 3631 primum
921 3542 1048 3609 dictum
1063 3542 1151 3607 diem
1165 3543 1259 3630 regni
1280 3541 1386 3608 nostri

337 3643 648 3730 “qualitercunque
678 3645 845 3728 concessis,
868 3667 905 3712 oc
928 3646 969 3712 de
998 3644 1188 3712 nominibus
1213 3650 1385 3733 occupato·

337 3755 354 3783 “
376 3769 459 3826 rum,
482 3752 516 3813 et
537 3767 616 3812 vero
629 3747 742 3814 valore
765 3749 949 3828 eorundem,
965 3768 1025 3835 per
1046 3769 1115 3826 vos,
1138 3768 1196 3814 seu
1218 3747 1385 3814 ²slterum

337 3858 355 3884 “
377 3855 535 3927 vestrum,
549 3840 795 3936 particulariter
809 3856 844 3917 et
859 3871 1010 3937 expresse
1025 3849 1208 3916 reddantur
1222 3849 1384 3916 certiores.

336 3957 354 3987 “
375 3950 472 4018 'l'eete
509 3951 641 4038 meipso,
679 3953 768 4039 opud
800 3952 1140 4029 Weetmoneeterium,
1173 3950 1298 4017 decimo
1329 3951 1384 4015 die

337 4059 356 4088 ‘⁸
379 4051 472 4131 Julii‚
495 4075 583 4120 enno
605 4055 699 4142 regni
721 4055 827 4122 nostri
849 4055 1014 4122 tricesimo
1037 4053 1183 4141 quort0.’'

379 4156 482 4244 Cujus
504 4155 725 4225 ¹auctoritate
747 4158 911 4246 praecepti,
935 4159 1113 4246 vigoreque
1127 4153 1380 4234 certificationis,
1393 4167 1523 4222 Tharro-

334 4260 509 4346 cogebetur
530 4260 643 4327 Abbes
669 4282 728 4348 per
758 4265 965 4327 attornetum
996 4281 1093 4326 suum
1124 4257 1277 4324 inducere
1307 4236 1522 4369 pro-affin,

332 4361 493 4428 visionem
515 4363 637 4430 dictem
659 4364 695 4428 in
711 4363 844 4430 Curiam
861 4361 1028 4442 Soeccerii,
1043 4362 1080 4426 in
1095 4359 1378 4427 examinationem.
1392 4369 1498 4431 amineo.
1509 4370 1536 4422 in

333 4463 534 4531 Examinute
563 4467 680 4552 utique
713 4466 835 4532 ibidem
873 4465 1026 4546 strictius,
1057 4467 1157 4550 prout
1188 4460 1287 4527 moris
1319 4435 1529 4554 68ῐῶξέξοοζζῖ

331 4586 391 4655 pro
412 4573 508 4655 purte
529 4568 629 4655 Regis
651 4589 708 4656 per
731 4569 881 4648 Berones,
898 4573 932 4633 et
953 4567 1155 4654 impugnato,
1171 4563 1305 4630 tandem
1328 4563 1378 4629 in-
1390 4571 1517 4686 mipa-

346 4745 366 4748 --
377 4744 415 4749 -
424 4745 461 4749 ,
472 4739 1375 4752 Μ
1390 4702 1516 4754 sufficient.

364 4841 372 4876 ¹
384 4839 446 4894 aleo
456 4842 602 4909 apparently
613 4841 640 4894 in
651 4842 707 4894 Me.
849 4841 854 4908 Ι
901 4839 912 4874 ²
922 4840 1055 4892 autoritate
1065 4838 1093 4890 in
1104 4838 1161 4891 MS.
