3668 5842
516 881 691 932 consume
713 879 997 932 wnnrueusrnnn
1020 879 1198 932 sucorum.
1310 863 1377 936 247

327 1203 506 1273 Processere
535 1193 716 1292 ucjusdobc
745 1203 994 1290 resumptiouis
1014 1203 1185 1292 posceretis
1206 1201 1246 1269 cle
1275 1201 1376 1269 terris

417 1303 584 1385 omuibus,
601 1317 631 1374 ct
646 1305 824 1384 dominiis,
847 1304 977 1387 castris,
998 1305 1191 1385 horroribus,
1206 1311 1236 1371 ct
1251 1303 1375 1392 officiis,

415 1430 478 1496 per
491 1408 685 1476 Dominum
698 1409 821 1496 chem
839 1407 1014 1496 aliquibus
1029 1405 1197 1488 concessis,
1213 1427 1236 1474 c
1254 1405 1377 1494 prima

416 1510 473 1578 die
494 1533 566 1578 arco
589 1510 830 1578 Coronationis
852 1532 957 1598 usque
980 1509 1026 1576 od
1048 1516 1131 1575 tuuc
1147 1531 1306 1596 proceres.

374 1683 494 1764 ¹(lum,
512 1685 613 1770 juxta
636 1684 814 1765 Comicum,
836 1689 876 1750 ut
898 1683 1090 1771 obsequium
1113 1683 1301 1763 amicitiam,
1328 1683 1379 1749 ita
1390 1694 1458 1746 nl).
1473 1698 1544 1745 rus.

330 1787 431 1852 etiam
452 1787 575 1854 veritas
597 1787 719 1864 odium,
734 1787 902 1853 interdum
924 1809 1037 1874 parere
1059 1787 1150 1865 solet,
1172 1790 1206 1851 et
1227 1785 1378 1875 indigne·
1390 1787 1537 1864 rhenma-

331 1889 463 1966 tionem‚
483 1889 565 1969 ideo,
590 1889 630 1955 de
654 1888 788 1956 consilio
804 1887 979 1977 Sapientis,
1004 1888 1177 1954 mulcenda
1199 1892 1250 1954 est
1269 1853 1518 1975 potiusffiiw

330 1991 399 2056 alta
421 1993 572 2078 potentia
596 1991 767 2077 obsequiis,
788 2011 888 2078 quam
914 1998 974 2056 aut
999 1992 1109 2057 verbis
1133 1991 1303 2072 irritanda,
1319 1986 1490 2057 autisssffle

331 2093 495 2180 aliquibus
520 2093 744 2180 exasperanda
773 2095 977 2160 sermonibus
1003 2093 1162 2160 veritatis.
1208 2094 1260 2159 De
1289 2093 1377 2158 facili
1390 2061 1545 2170 {iiim

331 2196 455 2282 utique,
475 2201 514 2261 ut
539 2195 576 2260 in
600 2195 766 2261 sententia
781 2195 892 2282 inquit
916 2196 1021 2261 Pollio
1044 2197 1087 2260 ad
1108 2197 1305 2282 Augustum,
1322 2196 1379 2282 qui
1390 2187 1479 2252 giving
1490 2194 1529 2236 Ἦ·

332 2297 368 2362 in
393 2298 500 2385 ipsum
532 2297 706 2386 scripserat
720 2299 864 2364 carmina
890 2295 1175 2386 ²nuptiarum,-“
1188 2297 1280 2364 Solet
1311 2261 1530 2385 om-iifiiisiigto

334 2405 350 2434 “
372 2399 424 2464 nis
454 2400 531 2466 talis
560 2405 706 2487 potestas
735 2401 843 2487 ipsum
878 2400 1086 2487 proscribere,
1116 2401 1174 2486 qui
1209 2387 1514 2504 praesumit2¹²⁸ffll

334 2510 351 2540 ‘⁸
373 2507 488 2568 contra
516 2523 592 2568 eum
622 2502 747 2588 aliquid
776 2502 961 2584 inscribere,
986 2501 1227 2590 ³faaillimequs
1257 2503 1380 2569 edicere
1392 2468 1538 2584 uituperare

335 2609 352 2640 “
374 2604 430 2670 vel
453 2604 607 2691 relegare,
632 2606 661 2670 si
685 2605 792 2670 dicere
817 2605 871 2671 vel
897 2605 1036 2692 allegare
1062 2606 1237 2693 quicquam
1251 2605 1380 2683 audeat,
1393 2589 1468 2638 Μ’·

336 2715 351 2741 “
374 2706 463 2793 quod
493 2706 547 2772 vel
571 2707 673 2794 ipsius
702 2707 843 2773 frontem
869 2708 905 2772 in
931 2729 1055 2795 rugam,
1081 2709 1136 2773 vel
1164 2707 1308 2772 animam
1338 2708 1381 2772 ad

335 2813 353 2844 “
374 2808 587 2886 iracumdiam,
614 2808 738 2875 habeat
774 2809 977 2895 provocare.’'
1032 2808 1139 2889 Istud,
1166 2809 1253 2874 inter
1291 2809 1381 2888 alios,

336 2911 456 2977 rsalius
486 2909 565 2976 olim
589 2916 662 2977 erat
688 2915 843 2999 expertus
870 2911 1019 2998 egregius
1045 2910 1256 2998 philosophus
1281 2909 1383 2976 ⁴Cal·
1518 2991 1523 3002 ἱ

335 3013 501 3095 listhenes,
529 3014 585 3099 qui
612 3013 686 3078 ideo
720 3035 779 3100 per
816 3012 932 3078 ducem
970 3011 1183 3079 Macedonem
1220 3013 1526 3099 adjudica-Prosus

337 3120 391 3182 tus
420 3120 493 3181 erat
523 3115 566 3180 ad
596 3120 747 3197 mortem,
772 3115 851 3201 quia
873 3115 910 3179 in
935 3137 1010 3181 eum
1041 3114 1124 3180 talia
1148 3115 1244 3196 dixit,
1275 3114 1386 3200 qualia
1396 3089 1494 3208 {2³}ss

336 3218 444 3304 ipsum
469 3219 583 3284 audire
613 3218 649 3282 in
679 3217 790 3282 animo
814 3215 986 3284 fastidivit.
1032 3216 1128 3284 Istud
1155 3217 1257 3283 etiam
1287 3217 1477 3283 intel-times·

337 3321 420 3386 laxit
444 3320 571 3386 dudum
597 3320 717 3386 certius
745 3321 876 3400 Seneca,
904 3320 1029 3386 Lucani
1058 3325 1205 3407 patruus,
1232 3319 1289 3405 qui
1312 3319 1385 3384 ideo

337 3445 395 3509 per
417 3424 584 3489 Neronem
605 3423 783 3510 cogebatur
803 3422 921 3489 inferre
942 3421 1138 3509 sibimetipsi
1161 3443 1282 3502 necem,
1309 3423 1387 3508 quia

338 3526 497 3612 corripuit
531 3547 607 3591 eum
643 3547 703 3612 pro
737 3525 805 3590 suis
836 3526 1030 3606 excessibus,
1060 3525 1210 3611 dixitque
1240 3526 1276 3589 in
1311 3547 1386 3590 eum

339 3629 427 3706 talia,
453 3628 564 3712 qualia
590 3627 725 3693 fuerumt
749 3627 916 3707 offensiva,
942 3649 1010 3694 sues
1034 3629 1164 3694 lascivae
1190 3627 1386 3714 lubricaque

333 3730 529 3816 juventutis

384 3832 480 3898 Istud
504 3836 662 3919 prseteree
688 3832 992 3919 impraesentiarum,
1017 3837 1050 3897 et
1070 3832 1163 3918 quasi
1183 3833 1305 3898 nudius
1321 3837 1386 3897 ter·
1398 3839 1538 3918 Amodern

338 3938 416 4014 tius,
432 3934 599 4022 ¹persensit
626 3935 714 4022 apud
742 3957 804 4001 nos
833 3933 1033 4022 palpabiliue
1059 3935 1194 4021 quidam
1220 3935 1386 4021 legisperi·
1398 3921 1460 4022 ,⁹1:2⁰
1453 3905 1549 4022 Quos

338 4044 402 4118 tus,
427 4037 622 4103 “Johannes
646 4036 822 4104 Holtone”
851 4037 1026 4117 vocitatus,
1056 4037 1114 4122 qui
1147 4035 1222 4101 ideo
1252 4041 1386 4115 tractus,
1399 4038 1468 4089 John
1481 4038 1544 4087 Hol-

339 4161 522 4228 supensus,
538 4139 812 4226 membratimque
832 4140 968 4221 divisus,
983 4139 1100 4218 fueret,
1117 4138 1195 4226 quia
1208 4160 1387 4226 pressump-
1399 4105 1556 4235 ξξξζαζὲἓᾱ

340 4243 386 4308 sit
411 4263 533 4330 ponere
556 4263 593 4308 os
616 4243 652 4306 in
678 4242 806 4323 coelum,
831 4241 1007 4328 taliterque
1030 4263 1089 4329 per
1115 4242 1309 4329 scripturam
1324 4239 1532 4306 bil-endum

340 4344 446 4410 larum
470 4349 607 4431 tangere
630 4365 802 4430 personam
826 4339 962 4432 regiam,
987 4343 1129 4430 qualiter
1152 4364 1227 4408 eum
1253 4348 1387 4430 tangere
1399 4303 1556 4432 fflqiih

376 4589 450 4640 ¹'l'he
469 4589 524 4639 first
539 4588 613 4640 letter
631 4588 655 4640 is
677 4588 800 4648 omitted3
817 4595 843 4639 to
922 4585 1202 4648 ⁴KalietenecinM83
1218 4601 1233 4636 a
1249 4585 1393 4651 discipleol

342 4669 721 4736 besuppliedinillumination.
891 4667 1022 4726 Aristode,
1029 4665 1192 4730 puttodeath
1203 4667 1238 4730 by
1245 4665 1391 4718 Alexander

376 4749 718 4801 ²Tlriouordisindirtinct
891 4747 934 4797 the
947 4747 1031 4798 Great.
1296 4769 1300 4776 -

376 4829 387 4863 ⁸
392 4828 551 4894 faciliusque
562 4828 589 4879 in
599 4828 657 4880 MS.
