3582 5838
427 877 492 940 210
758 889 954 940 eremmon
976 887 1136 939 suornm

261 1089 330 1141 Au).
344 1091 416 1140 1455.
427 1079 516 1165 qnod
536 1076 670 1165 quidem
692 1075 833 1143 Thomas
855 1076 1062 1159 Ohmletoue‚
1085 1076 1189 1157 Miles,
1208 1081 1304 1163 peter
1325 1074 1476 1163 praedioti

428 1181 563 1248 Thomae
586 1179 789 1258 Ohurletone,
814 1179 942 1262 Militis,
963 1201 1052 1245 nuno
1074 1179 1291 1262 defendentis,
1313 1183 1347 1244 et
1369 1177 1477 1242 Elius·

429 1284 517 1366 beth,
548 1305 633 1350 uxor
666 1281 745 1368 ejus,
776 1288 884 1348 meter
920 1282 1065 1368 ejusdem
1098 1281 1234 1348 Thomae
1272 1280 1478 1357 Oimrletone,

429 1408 518 1453 nune
540 1385 756 1466 defendentis,
780 1407 919 1473 quorum
935 1385 1040 1452 heeres
1064 1385 1153 1452 idem
1182 1385 1324 1452 Thomas
1346 1383 1479 1450 Ghnrle-

430 1493 517 1568 tone,
553 1510 641 1555 nuno
679 1487 865 1582 defendens,
896 1491 954 1568 est,
991 1509 1097 1576 nuper
1133 1487 1269 1555 fuerunt
1299 1485 1405 1554 seisiti
1439 1485 1480 1551 de

429 1592 586 1678 proedicto
619 1591 774 1674 meneri0,
805 1613 880 1658 cum
908 1591 1126 1678 pertinentiis,
1156 1590 1194 1656 in
1217 1590 1381 1656 dominioo
1412 1609 1478 1666 suo,

430 1697 471 1760 ut
498 1693 538 1760 de
570 1694 687 1776 feodo;
716 1699 759 1773 et,
789 1693 870 1781 ipsis
899 1693 947 1760 sie
975 1693 1055 1761 inde
1083 1692 1212 1775 seisitis,
1239 1692 1374 1781 quidem
1403 1690 1480 1756 finis

429 1795 559 1862 levatus
580 1795 646 1862 fuit
675 1797 713 1862 in
735 1795 837 1864 Ourie
858 1796 994 1862 Domini
1015 1795 1115 1884 Regis
1140 1817 1238 1879 nuno,
1260 1795 1350 1884 opud
1371 1793 1479 1859 West·

429 1900 715 1979 monesterium,a
746 1899 800 1964 die
831 1899 965 1966 Pesehae
996 1899 1035 1964 in
1065 1899 1252 1986 quindecim
1283 1898 1361 1978 dies,
1393 1916 1479 1962 enno

430 2023 605 2090 regnorum
635 2023 768 2068 suorum
801 2001 933 2089 Anglise
964 2005 999 2068 et
1033 2001 1190 2081 Freneiae,
1219 2026 1241 2069 e
1270 2001 1479 2088 Conqusmtu,

431 2104 698 2191 quarto-decimo,
730 2126 839 2170 oorsm
873 2105 897 2171 J
899 2104 1029 2170 ohanne
1061 2102 1177 2192 Juyne
1210 2109 1245 2171 et
1275 2103 1371 2170 sociis
1403 2102 1479 2178 suis,

430 2212 511 2273 tuno
532 2207 732 2274 Justioieriis
746 2204 822 2272 ‘suis
845 2207 886 2272 de
902 2207 1022 2286 Benoo,
1051 2207 1140 2273 inter
1169 2205 1358 2273 Johennem
1390 2203 1479 2290 Frey

430 2316 465 2376 et
479 2311 652 2398 Agnetem,
676 2331 812 2375 uxorem
827 2309 904 2396 ejus,
920 2309 1135 2396 querelantes,
1149 2315 1184 2375 et
1198 2310 1375 2398 praefotum
1394 2307 1479 2402 Tio-

430 2436 519 2479 mem
562 2411 766 2492 Oherletone,
804 2412 955 2493 Militem,
992 2417 1120 2501 patrem
1158 2412 1308 2499 praedicti
1346 2412 1480 2478 Thomae

430 2516 634 2607 Cherletone,
674 2515 807 2597 Militis,
843 2536 931 2581 nuno
969 2515 1184 2598 defendentis,
1223 2521 1258 2582 et
1295 2513 1478 2590 Elisabeth,

430 2625 577 2699 matrem,
608 2625 638 2684 et
671 2625 796 2698 ooetero,
827 2616 1052 2698 deforoisntes,
1085 2618 1126 2684 de
1155 2619 1313 2706 preedioto
1335 2619 1479 2684 manerio

429 2724 470 2788 de
485 2723 655 2800 Bnrstone,
672 2742 747 2786 oum
769 2721 987 2808 pertinentiis.
1032 2721 1097 2786 Per
1121 2743 1219 2809 quem
1248 2721 1350 2788 finem
1379 2719 1479 2786 iidem

429 2825 571 2892 Thomas
594 2823 798 2902 Oherletone,
821 2829 923 2912 peter,
947 2828 982 2889 et
1014 2823 1195 2903 Elizebeth,
1220 2828 1480 2912 recognoverunt

430 2929 623 3016 praediotum
648 2926 840 3006 manerium,
872 2948 947 2993 oum
967 2926 1186 3013 pertinentiis,
1213 2949 1282 2993 esse
1299 2926 1357 3013 jus
1371 2925 1480 3014 ,ipsius

429 3032 453 3098 J
454 3030 594 3098 ohannis
608 3029 706 3117 Frey,
721 3035 761 3096 ut
779 3029 864 3095 illud
887 3030 974 3115 quod
997 3029 1099 3094 iidem
1121 3029 1145 3094 J
1146 3029 1290 3096 ohannes
1312 3034 1346 3096 et
1368 3029 1480 3117 Agnes

429 3133 618 3200 habuerunt
655 3131 697 3197 (le
729 3133 815 3198 dono
844 3131 1079 3218 praedietorum
1108 3129 1243 3198 Thomae
1272 3131 1478 3208 Charietone,

346 3249 354 3262 '
429 3238 542 3325 petris,
557 3243 587 3302 et
601 3243 727 3315 coetero,
748 3241 783 3302 et
805 3233 1016 3301 Elizebethae.
1061 3233 1107 3299 Et
1128 3233 1213 3299 illud
1236 3235 1432 3301 remiserunt
1445 3241 1481 3302 et

428 3339 820 3425 quietum-olemeverunt
843 3337 884 3403 de
906 3337 986 3424 ipsis
1009 3336 1135 3402 Thomu
1157 3341 1192 3402 et
1215 3335 1419 3416 Elizebethe,
1443 3344 1478 3405 et

430 3440 618 3508 haeredibus
632 3439 734 3528 ipsius
749 3439 958 3521 Elimbetbae,
980 3438 1147 3527 praedietie
1169 3439 1194 3504 J
1195 3439 1317 3506 ohenni
1333 3439 1431 3528 Frey,
1446 3447 1480 3508 et

431 3543 563 3631 Agneti,
587 3549 622 3608 et
643 3540 829 3609 haeredibus
851 3542 954 3630 ipsius
975 3543 999 3608 ,J
1002 3542 1139 3609 ohannis
1161 3540 1219 3610 1iu
1242 3547 1446 3632 perpetuum.

477 3647 523 3711 Et
545 3650 710 3734 praeteree‚
739 3644 839 3710 iidem
870 3643 1011 3711 Thomas
1037 3650 1072 3712 et
1101 3644 1297 3710 Elizebethe
1319 3668 1480 3714 conoesse-

432 3751 513 3813 runt
535 3771 592 3836 per
614 3748 716 3814 finem
737 3747 843 3827 illum,
867 3771 925 3836 pro
955 3769 989 3814 se
1019 3751 1054 3814 et
1075 3747 1260 3814 haeredibus
1285 3747 1388 3836 ipsius
1410 3749 1479 3816 Eli-

431 3850 589 3931 zubethoe,
624 3851 713 3938 quod
743 3851 806 3938 ipsi
837 3849 1104 3934 warantizabunt
1134 3849 1302 3938 praedictis
1331 3851 1479 3920 Johenni

432 3953 530 4040 Frey,
551 3959 586 4020 et
601 3954 735 4044 Agneti,
754 3959 790 4020 et
811 3953 998 4020 haeredibus
1020 3953 1124 4040 ipsius
1147 3953 1320 4036 Johsnnis,
1344 3957 1480 4044 proedic-

431 4062 506 4123 tum
527 4057 721 4139 manerium,
737 4055 1046 4144 compertinentiis,
1061 4059 1177 4123 contre
1197 4078 1309 4123 omnes
1331 4057 1480 4126 homines

430 4157 490 4224 1in
512 4166 715 4248 perpetuum.

476 4262 610 4329 Virtute
643 4263 735 4348 eujus
764 4263 851 4343 finis,
873 4261 975 4328 iidem
1006 4261 1030 4328 J
1032 4261 1176 4328 ohannes
1199 4261 1289 4349 Frey
1310 4268 1345 4328 st
1370 4261 1479 4352 Agnes

430 4363 567 4432 fuerunt
595 4366 674 4432 inde
698 4365 824 4448 seisiti3
856 4365 1017 4445 videlieet,
1040 4363 1210 4431 Johennes
1239 4364 1327 4431 idem
1357 4367 1393 4432 in
1423 4368 1480 4434 do·

430 4468 551 4534 minioo
565 4491 633 4551 suo,
650 4474 690 4534 ut
712 4470 754 4536 de
776 4469 879 4548 feodo,
896 4473 930 4535 et
953 4469 1110 4557 praedicto
1131 4468 1252 4558 Agnes,
1266 4474 1308 4535 ut
1321 4469 1363 4536 de
1377 4469 1479 4536 libero

429 4575 626 4637 tenemento.
683 4573 730 4637 Et
767 4576 880 4660 postes
916 4572 1074 4658 praediote
1105 4571 1217 4658 Agnes
1247 4571 1355 4655 obiit3
1391 4577 1480 4660 post-
1533 4607 1541 4616 ·

807 4803 815 4838 ¹
826 4805 1000 4868 impepetmm
1010 4800 1036 4853 in
1047 4801 1104 4856 MS.
