3668 5842
434 867 499 928 314
769 879 966 930 accurrunt
987 877 1145 929 assarna
1193 881 1199 900 ⁸

265 1064 452 1132 AD·1¹⁵⁸·“
473 1089 563 1145 num,
584 1066 621 1130 iu
653 1065 760 1130 medio
796 1064 1000 1130 Oxoniarum
1032 1065 1274 1144 scaturientem,
1306 1064 1481 1132 ¹s0muum

434 1175 451 1204 “
474 1189 613 1254 ceperas,
650 1171 690 1231 ut
728 1167 778 1232 ita
811 1171 946 1253 repente
983 1172 1082 1254 poeta
1115 1167 1272 1254 prodires,
1299 1188 1405 1253 neque
1439 1167 1482 1232 de

434 1277 450 1304 “
473 1269 585 1335 Cirreo
618 1268 763 1346 flumine,
790 1267 878 1353 quod
909 1269 1012 1334 currit
1045 1291 1146 1355 prope
1172 1269 1329 1334 suburbia
1359 1269 1483 1335 Cauta·

432 1379 449 1407 “
471 1371 596 1457 brigiee,
619 1375 766 1456 tempore
789 1368 857 1434 ullo
880 1369 934 1434 vel
956 1370 1145 1436 haustulum
1169 1371 1304 1436 unicum
1327 1372 1481 1458 degusta-

433 1479 451 1508 “
472 1495 575 1553 veras,
599 1477 637 1537 ut
671 1472 716 1535 sic
748 1471 845 1536 scires
879 1493 953 1537 cum
985 1471 1091 1538 Musis
1113 1472 1250 1560 singulis
1275 1475 1312 1538 in
1343 1473 1480 1560 siugulis

432 1581 450 1610 “
473 1575 623 1640 mosaicis
650 1572 862 1658 singulariter
888 1573 1069 1653 decantare,
1094 1571 1229 1652 ¹immc,
1250 1596 1311 1640 nec
1333 1580 1481 1662 tempore

432 1685 449 1713 ‘¹
472 1676 582 1762 aliquo
605 1675 646 1740 de
662 1675 719 1739 illo
742 1695 840 1738 aureo
856 1673 1039 1742 exhausisti
1055 1676 1179 1762 poculo,
1195 1676 1362 1762 liquoreve
1386 1674 1480 1742 ¹nec-

433 1789 449 1814 “
472 1785 571 1859 tarec,
596 1777 654 1862 qui
687 1777 814 1842 dudum
846 1775 887 1840 ad
920 1782 1016 1842 extra
1048 1779 1085 1842 in
1118 1801 1231 1844 mensa
1253 1778 1481 1865 apponebatur

431 1889 450 1917 ‘¹
471 1878 666 1966 ¹Apollinea
697 1879 785 1965 apud
816 1878 1007 1964 Memphim,
1030 1880 1208 1958 Pelusium,
1238 1885 1273 1946 et
1299 1881 1478 1966 Canopum,

432 1989 449 2018 “
472 1985 513 2048 de
535 1980 691 2068 praesenti
706 2001 793 2056 vero,
809 1979 896 2066 apud
911 1979 1094 2058 ¹Pariuam‚
1112 1981 1269 2060 Paduam,
1284 1987 1319 2046 et
1333 1982 1477 2070 Papiam,

430 2085 623 2173 “apudque
646 2082 826 2148 Castalicas
861 2082 956 2148 urbes
991 2083 1072 2148 alias
1094 2085 1212 2162 varias,
1235 2083 1293 2148 ubi
1323 2085 1377 2149 vel
1407 2083 1479 2150 Clio

365 2269 367 2275 ,
431 2197 447 2223 “
469 2187 598 2266 colitur,
621 2185 675 2250 vel
696 2182 830 2262 ¹Erato,
852 2185 907 2249 vel
937 2185 1049 2270 aliqua
1079 2186 1154 2264 alia,
1178 2186 1218 2252 de
1244 2190 1368 2272 septem
1391 2207 1479 2251 sorc-

430 2295 448 2324 “
471 2289 563 2354 ribus
585 2287 675 2368 suis;
697 2283 937 2351 ¹nihilcminus
959 2292 1072 2352 tamen
1095 2289 1175 2353 adeo
1198 2288 1327 2374 copioso
1353 2287 1480 2353 ¹imbre

430 2399 447 2426 ‘¹
470 2390 595 2455 emittis
618 2388 746 2474 eloquia
776 2389 947 2475 sapientiae
977 2393 1053 2466 tuae,
1075 2390 1142 2456 acsi
1174 2391 1366 2477 propinator
1394 2395 1480 2456 esset

431 2499 449 2528 “
472 2492 535 2558 tibi
550 2491 685 2568 Tullius,
701 2491 896 2556 convivator
919 2510 997 2556 vero
1020 2489 1231 2574 ¹Sallustius,
1246 2491 1385 2558 aemulus
1400 2493 1478 2578 ejus.

430 2604 448 2630 ‘¹
470 2594 628 2681 Cogimur
649 2585 754 2679 igitur
775 2593 988 2658 vehementer
1009 2594 1115 2680 magis
1137 2594 1281 2660 incidere
1305 2594 1341 2658 in
1366 2599 1479 2681 stupo-

430 2703 448 2732 “
470 2719 540 2763 rem
563 2694 800 2761 admirationis.
846 2694 1004 2782 Cogimur
1032 2697 1135 2761 etiam
1161 2696 1301 2762 ulterius
1323 2697 1479 2762 admirari

433 2808 448 2836 ‘¹
470 2798 622 2884 amplius,
647 2796 734 2882 quod
757 2800 805 2874 tu,
827 2796 905 2862 licet
927 2797 964 2861 in
986 2799 1180 2864 Eusebianis
1203 2798 1342 2864 Laribus
1357 2820 1480 2884 nequa·

429 2913 449 2938 “
472 2923 570 2987 quam
594 2899 750 2965 educatus
772 2899 880 2978 fueris,
903 2921 964 2966 nec
995 2901 1037 2966 ab
1070 2902 1140 2988 ipsc
1172 2901 1286 2966 stilum
1318 2902 1477 2980 didiceris,

429 3013 447 3040 “
469 3026 527 3070 seu
559 3003 730 3082 calamm,
753 3001 792 3070 iu
822 3021 887 3087 quo
910 3002 1006 3068 Vitas
1029 3003 1224 3068 Sanctorum
1248 3004 1402 3069 dictitare
1423 3005 1479 3070 de-

430 3116 447 3142 “
469 3109 569 3184 beres,
584 3126 651 3170 non
667 3105 764 3169 aliter
779 3109 891 3170 tamen
914 3125 1013 3190 quarn
1036 3106 1121 3171 alter
1141 3105 1282 3171 Rufinus
1313 3105 1384 3191 ejus
1406 3127 1477 3172 ves-

429 3219 446 3245 “
469 3211 553 3296 tigia
574 3206 761 3293 insequeris,
777 3227 838 3270 nec
854 3204 1001 3270 inferiori
1025 3206 1147 3273 calamo
1170 3228 1269 3292 quam
1291 3207 1360 3294 ipse
1383 3208 1478 3274 Vitas

429 3321 446 3349 “
471 3313 666 3378 Sanctorum
690 3307 716 3346 ¹⁰
727 3307 906 3394 plurimum
921 3305 946 3344 ¹¹
957 3309 1199 3395 transcripsisse
1214 3310 1405 3387 dinoscitur,
1419 3315 1478 3376 tua

428 3418 565 3499 “grata
602 3409 792 3475 fraternitas
823 3410 937 3486 vitam,
969 3431 1089 3490 curam,
1122 3417 1156 3476 et
1185 3413 1476 3492 conversationem,

429 3523 447 3550 ‘¹
470 3512 629 3580 carissimi
651 3511 756 3577 nostri
770 3511 933 3592 avunculi,
948 3512 991 3577 ed
1006 3519 1199 3598 perpetuam
1221 3514 1323 3599 ipsius
1347 3513 1477 3580 laudem

429 3725 446 3753 ‘¹
469 3739 544 3782 rum
566 3715 646 3792 laus,
662 3720 696 3780 et
711 3714 785 3780 ideo
808 3715 915 3780 adhuc
937 3715 1078 3796 iterum;
1102 3717 1187 3802 quia,
1204 3717 1232 3781 si
1247 3738 1362 3782 verum
1377 3718 1478 3784 fuerit

430 3827 447 3856 “
471 3819 558 3904 quod
581 3817 736 3882 scribitur
760 3816 801 3881 de
823 3816 911 3881 Varo
935 3821 969 3881 et
992 3817 1141 3904 Virgilio,
1165 3820 1305 3898 Lucano,
1329 3825 1363 3885 et
1385 3820 1477 3885 Julio

428 3931 446 3957 ‘¹
469 3922 572 3998 Cetso,
595 3919 683 4006 quod
716 3919 774 3984 isti
807 3917 881 4004 plus
912 3919 1121 3985 contulerant
1154 3921 1197 3984 ad
1229 3921 1362 3987 laudem
1392 3922 1477 3987 Julii

427 4031 445 4058 ‘³
469 4023 614 4102 Caesaris,
656 4043 754 4106 quam
791 4020 874 4084 illud
913 4020 1036 4106 grande
1074 4022 1226 4086 aerarium
1260 4044 1324 4107 quo
1363 4023 1476 4089 urbem

427 4133 446 4162 ‘¹
469 4126 676 4213 spoliaverat,
699 4127 738 4187 ut
761 4121 872 4187 orbem
896 4143 955 4187 suo
977 4122 1115 4209 imperio
1137 4125 1338 4210 subjugaret,
1363 4147 1477 4191 verum

430 4273 530 4281 ..—

461 4359 469 4392 ¹
481 4373 604 4422 sompnum
616 4356 642 4404 in
654 4354 711 4405 MS.
1007 4353 1017 4391 7
1029 4354 1196 4406 nichilominus
1206 4357 1233 4406 in
1244 4357 1300 4409 MS.

460 4437 471 4470 ¹
480 4455 533 4502 ynac
544 4437 570 4486 in
581 4435 638 4485 MS.
1007 4435 1017 4466 ¹
1027 4433 1109 4499 ymbre
1120 4437 1145 4486 in
1157 4437 1213 4487 MS.

460 4516 471 4549 ³
483 4516 590 4566 nectario
601 4514 628 4562 in
640 4512 696 4562 MS.
1006 4513 1017 4546 ¹
1031 4513 1158 4564 Salustius
1170 4516 1196 4564 in
1207 4516 1264 4568 MS.

461 4592 623 4660 ‘Appclinec
635 4591 660 4640 in
671 4590 729 4641 MS.
1007 4591 1027 4624 ¹⁰
1039 4592 1088 4657 Qy.
1100 4593 1125 4642 if
1132 4601 1178 4644 not
1185 4593 1352 4660 plurimorum.

459 4673 700 4740 ¹Probably‚Pa1·is
712 4673 834 4724 ismeant
1008 4671 1025 4704 ¹¹
1039 4677 1208 4740 transcriptore
1220 4676 1246 4726 in
1258 4677 1315 4728 MS.

461 4754 582 4806 ¹Erc2do
593 4753 619 4802 iu
634 4752 687 4803 MS.
