3588 5838
487 874 664 926 1011111111
686 871 971 926 wnnrmnsrnnn
993 873 1170 926 secusne.
1306 856 1350 929 1⁷

303 1073 320 1099 “
343 1063 536 1152 suppliciter
557 1076 592 1132 et
614 1065 790 1148 instanter,
813 1065 967 1152 quotiens
989 1065 1037 1131 eis
1060 1063 1237 1152 expediens
1258 1061 1349 1128 vide·
1362 1063 1431 1119 AD·
1445 1069 1518 1120 ¹4⁵2

302 1176 320 1204 “
342 1172 446 1250 retur,
462 1170 550 1256 quod
563 1169 634 1257 ipse
651 1170 772 1236 electus
786 1169 939 1237 electioni
954 1167 1128 1257 praedictes,
1137 1169 1178 1234 de
1194 1187 1232 1233 eo
1246 1165 1349 1246 factae,

303 1275 321 1304 “
345 1272 555 1354 consentiret,
593 1277 628 1340 et
664 1272 773 1339 eidem
815 1294 911 1338 suum
949 1272 1112 1359 praeberet
1149 1291 1351 1348 consensum,

302 1379 322 1408 ‘⁴
345 1380 475 1440 nostros
506 1373 741 1455 ordinavimus,
766 1373 911 1454 fecimus,
942 1380 978 1441 et
1007 1373 1248 1452 constituimus,
1278 1393 1353 1461 pro-

303 1481 323 1512 “
345 1483 510 1543 curatores
532 1483 567 1543 et
588 1478 726 1544 nuncios
742 1477 907 1565 speciales
920 1478 1153 1565 promittentes
1168 1497 1229 1542 nos
1243 1481 1353 1542 ratum

305 1588 323 1615 ‘⁸
344 1584 380 1645 et
405 1585 548 1666 gratum,
571 1602 609 1646 ac
630 1579 773 1662 firmum,
804 1579 978 1646 habituros
1008 1585 1117 1646 totum
1140 1583 1175 1645 et
1196 1576 1354 1666 quicquid

304 1688 322 1716 ‘⁸
344 1681 445 1748 iidem
466 1687 693 1769 procuratores
722 1682 829 1748 nostri
851 1682 998 1748 facerent
1019 1681 1057 1748 in
1078 1681 1265 1769 praemissis,
1292 1678 1353 1744 sub

305 1789 325 1820 “
348 1782 560 1872 1hypotheca
582 1789 616 1852 et
638 1783 841 1872 obligatione
864 1786 1012 1851 omnium
1041 1785 1203 1851 bonorum
1226 1789 1354 1849 nostro·

305 1893 322 1921 ‘¹
345 1910 428 1966 rum,
462 1894 498 1956 et
527 1890 564 1954 in
596 1911 634 1955 ea
666 1893 763 1977 parte
797 1889 1009 1976 exposuimus
1046 1889 1241 1957 cautionem.
1288 1887 1354 1968 Qui

304 1996 322 2024 ‘⁶
344 1995 580 2076 procuratores,
605 1991 690 2058 hanc
718 1995 917 2079 potestatem
950 1991 1120 2074 habentes,
1151 1992 1266 2059 eodem
1293 1991 1354 2068 die,

304 2098 323 2127 “
345 2093 429 2159 circa
450 2093 565 2159 horam
587 2094 794 2160 undecimam
813 2099 891 2164 ante
913 2095 1084 2161 meridiem
1110 2095 1256 2181 ejusdem
1279 2094 1353 2170 diei,

304 2202 322 2228 “
344 2197 517 2282 praefatam
538 2200 686 2261 nostram
709 2195 901 2262 electionem
924 2197 1099 2284 saepedicto
1114 2202 1228 2264 nostro
1243 2197 1354 2274 electo,

305 2305 322 2332 ‘⁴
344 2299 381 2362 in
402 2319 530 2364 camera
552 2320 619 2378 sua,
645 2298 748 2385 juxta
778 2298 1010 2380 Infirmariam,
1033 2306 1073 2366 ut
1102 2301 1194 2389 prius
1224 2301 1355 2377 dicitur,

306 2405 326 2437 “
347 2401 483 2484 situata,
506 2401 673 2480 existenti,
694 2401 827 2468 realiter
848 2407 1103 2490 praesentarunt,
1118 2407 1155 2470 et
1168 2403 1277 2490 ipsum
1292 2402 1355 2467 ibi-

305 2509 323 2536 “
345 2504 420 2568 dem
449 2505 672 2591 requisierunt
697 2504 889 2592 suppliciter
919 2507 1038 2594 saepius
1060 2510 1097 2572 et
1118 2506 1292 2586 instanter,
1315 2508 1356 2568 nt

305 2610 325 2642 “
347 2605 417 2693 ipse
430 2606 553 2674 electus
568 2607 720 2673 electioni
734 2607 933 2693 hujusmodi,
948 2615 1020 2674 tam
1034 2608 1238 2674 concorditer
1255 2614 1356 2694 atque

306 2713 326 2743 “
349 2715 460 2776 sancte
483 2709 524 2776 de
546 2709 626 2798 ipso,
649 2715 689 2775 ut
711 2710 893 2798 praefertur,
917 2712 1023 2790 factae,
1043 2734 1139 2778 suum
1163 2711 1357 2800 dignaretur

307 2817 324 2845 ‘¹
347 2812 425 2878 dare
446 2833 649 2894 consensum,
664 2817 699 2879 et
712 2812 866 2900 praebere.
913 2813 988 2902 Ipse
1004 2835 1090 2894 vero,
1106 2837 1127 2879 a
1141 2813 1263 2880 nostris
1281 2835 1355 2899 pro-

306 2921 324 2948 “
347 2916 553 2981 miratoribus
567 2916 681 2982 taliter
694 2915 879 3000 requisitus,
890 2937 1082 3003 responsum
1098 2916 1201 2998 dedit,
1216 2916 1356 2981 sednon

307 3023 325 3051 “
348 3017 471 3104 absque
485 3017 649 3106 lacrymis,
659 3019 747 3105 quod
762 3019 864 3086 vellet
876 3041 983 3084 secum
995 3018 1171 3098 consulere,
1180 3017 1357 3084 morulam-

305 3126 323 3154 “
346 3141 409 3205 que
423 3122 570 3208 accipere
585 3121 840 3190 deliberationis
869 3121 1097 3188 Redeuntibus
1111 3120 1217 3208 igitur
1234 3120 1356 3186 eisdem

305 3225 323 3256 “
346 3225 609 3308 procuratoribus
630 3227 752 3293 nostris
774 3227 859 3294 circa
881 3225 994 3292 horam
1019 3225 1170 3312 quintam
1192 3229 1268 3311 post
1289 3245 1356 3289 me-

306 3329 326 3358 “
347 3327 465 3393 ridiem
480 3327 547 3394 diei
561 3329 715 3416 ejusdem,
731 3336 766 3396 et
780 3351 893 3396 rursus
908 3351 985 3394 eum
1008 3327 1253 3416 requirentibus
1268 3325 1357 3414 quod

308 3436 324 3463 ‘⁴
346 3430 450 3496 vellet
463 3431 614 3498 electioni
630 3431 736 3510 diotae,
752 3432 795 3498 de
813 3453 855 3512 se,
870 3436 912 3496 ut
921 3431 993 3517 jam
1009 3429 1137 3510 dicitur,
1153 3430 1357 3496 concorditer

306 3538 324 3566 “
346 3529 453 3611 laetae,
475 3533 632 3600 benevole
647 3535 841 3618 consentire,
862 3533 1033 3621 respondit
1048 3532 1157 3599 dictus
1176 3531 1357 3609 electus,1n

306 3637 326 3668 ‘¹
347 3655 386 3699 ea
415 3641 509 3722 parte
540 3637 646 3724 magis
677 3636 886 3718 deliberatus,
921 3635 998 3701 tulit
984 3639 1035 3701 ter
1066 3635 1240 3716 dicens,-
1241 3634 1357 3699 ‘Licet

306 3741 358 3773 “⁴
350 3739 516 3821 ‘‚vetulus
533 3738 661 3820 debilis,
680 3739 867 3828 languidus,
882 3743 917 3805 et
932 3743 1085 3826 aegrotus,
1101 3741 1136 3804 et
1150 3759 1189 3803 ea
1204 3736 1245 3802 de
1260 3757 1358 3802 causa

305 3846 324 3875 “
347 3842 508 3908 ‘omnino
529 3841 740 3921 insufficiens,
763 3841 841 3908 nolo
856 3841 982 3908 divinae
1004 3839 1171 3906 voluntati
1198 3839 1357 3915 resistere,

304 3949 324 3978 “
346 3940 503 4026 ‘'immo,
518 3943 639 4010 restris
662 3945 869 4032 adquiescere
884 3944 981 4021 votis,
1003 3942 1219 4029 electionique
1242 3941 1283 4006 de
1305 3959 1359 4004 me

305 4049 325 4080 ‘¹
348 4045 474 4127 ‘factas
490 4046 551 4112 snb
566 4068 623 4135 spe
639 4053 758 4114 vestrae
778 4045 1036 4134 supportationis
1058 4042 1235 4122 benevolae,
1249 4041 1358 4107 humi-

305 4155 323 4182 “
346 4147 447 4214 ‘liter
460 4151 652 4217 consentire.
691 4149 737 4216 Et
750 4149 816 4215 hiis
831 4149 928 4216 dictis
949 4147 1032 4236 legit
1053 4149 1091 4213 in
1113 4151 1226 4235 aperto
1249 4165 1358 4210 coram

305 4257 324 4286 “
347 4252 523 4319 ‘omnibus
543 4253 771 4340 praesentibus,
794 4251 857 4318 sub
879 4251 944 4317 hiis
965 4251 1077 4316 verbis
1089 4273 1143 4314 :—

350 4359 370 4392 “
393 4351 481 4420 ‘³In
510 4355 575 4422 Dei
597 4355 738 4436 nomine,
766 4356 883 4422 Amen
937 4352 1017 4440 Ego,
1042 4353 1159 4418 Frater
1189 4349 1359 4417 Johannes

306 4460 326 4492 “
348 4455 649 4538 ‘Wbethamstedq
673 4459 851 4524 monachus
873 4454 1068 4524 Monasterii
1090 4453 1204 4522 Sancti
1226 4451 1359 4531 Albani,

340 4706 349 4743 ¹
357 4709 567 4776 ypotacoinMS.
890 4707 1296 4762 ⁸'l'lreinitialletterieomitted.

340 4789 518 4857 ’ymnum

1204 4887 1225 4936 B
