3640 5842
467 848 532 910 352
796 860 992 908 unsrsrnuu
1014 860 1173 910 nesrrnn

297 1050 483 1112 A.D.1⁴⁵s.“
505 1065 563 1128 per
577 1049 675 1109 antec
689 1043 752 1108 sibi
776 1049 853 1109 erat.
900 1045 1059 1131 Exemplo
1081 1046 1185 1132 igitur
1200 1047 1317 1112 horum
1340 1047 1511 1113 honorabi-

465 1145 586 1210 “lium
617 1146 809 1232 principum,
833 1168 971 1232 quorum
1000 1147 1144 1225 nomina,
1166 1153 1300 1236 propter
1319 1149 1510 1235 jamdicta,

352 1236 357 1246 ’
465 1255 482 1282 “
504 1247 662 1313 ineffabili
677 1252 763 1313 sunt·
773 1249 874 1336 digna
889 1250 994 1327 laude,
1009 1255 1044 1314 et
1059 1249 1116 1314 1in
1132 1253 1289 1316 memoria
1307 1253 1511 1338 sempiterna,

463 1356 481 1385 “
502 1349 548 1415 sit
569 1350 605 1414 iu
628 1350 687 1416 hos
708 1350 875 1429 Dominus,
897 1350 1044 1438 graviter
1066 1351 1144 1418 licet
1166 1353 1401 1440 delinquentes,
1417 1353 1511 1418 Prin·

462 1452 582 1539 “cipis
612 1451 786 1517 clementia
817 1453 872 1539 pia
901 1453 1014 1540 magis,
1043 1475 1081 1519 ao
1110 1454 1263 1540 propitia,
1295 1455 1511 1540 omnibusque

462 1559 479 1588 “
503 1554 729 1639 quaerentibus
751 1575 890 1632 oausam,
914 1555 1051 1641 adaptet
1066 1577 1255 1642 responsum
1279 1557 1340 1621 sub
1363 1557 1424 1622 hac
1440 1557 1509 1626 ¹lor-

461 1661 478 1690 “
500 1665 628 1721 ma:—‘
640 1657 822 1722 Generosus
845 1656 974 1721 animus
996 1657 1113 1722 melius
1128 1657 1238 1723 verbis
1257 1657 1395 1739 ducitur,
1412 1680 1519 1744 quam*

461 1765 479 1792 ‘¹
502 1758 736 1838 ‘verberibus3
760 1758 958 1844 sanguisque
980 1757 1087 1822 clarus
1102 1763 1137 1825 et
1155 1759 1299 1824 sincerus
1321 1781 1431 1846 penna
1451 1782 1509 1847 pe·

461 1867 478 1896 “
501 1862 619 1927 ‘vonis
642 1861 789 1926 flectitur
811 1861 917 1939 citius,
934 1881 1031 1946 quam
1056 1867 1115 1926 aut
1137 1863 1279 1949 pugione
1300 1862 1430 1948 viperae,
1449 1867 1508 1928 aut

460 1971 477 1998 “
499 1971 507 1998 ‘
522 1964 633 2030 aculeo
648 1963 835 2055 scorpionis.
874 1962 1031 2028 Generosi
1046 1963 1161 2048 utique
1177 1969 1256 2029 sunt
1267 1964 1402 2029 Domini
1417 1964 1505 2040 dicti,

460 2073 478 2100 “
500 2066 565 2132 ‘de
588 2067 720 2152 altaque
749 2067 903 2153 progenie
915 2090 924 2146 ;
945 2071 981 2131 et
1003 2075 1183 2152 propterea,
1207 2067 1255 2153 pii
1276 2067 1434 2154 principis
1456 2072 1507 2132 est

460 2173 478 2204 “
502 2167 642 2233 ‘talium
668 2168 823 2245 misereri,
858 2167 955 2234 citius
977 2189 1077 2253 quam
1108 2168 1145 2233 in
1176 2190 1232 2235 eos
1261 2169 1367 2235 artius
1397 2169 1507 2236 vindi-

459 2277 477 2306 «
500 2271 612 2336 emm?

504 2379 523 2406 “
535 2371 668 2451 Quinto,
692 2371 835 2437 sie-In
858 2394 913 2438 ore
936 2372 1098 2459 Principis
1128 2372 1262 2439 deberet
1283 2395 1409 2461 semper
1438 2395 1506 2440 esse

459 2481 476 2508 “
498 2474 554 2539 lex
577 2473 758 2541 clementiae
780 2480 815 2540 et
837 2475 990 2561 pietatis3
1005 2476 1087 2554 ideo,
1111 2477 1288 2542 seeundum
1305 2475 1502 2563 Sapientem,

458 2583 478 2610 “
500 2576 586 2662 quis,
601 2581 640 2642 ut
662 2577 732 2663 ipse
755 2576 870 2642 scribit
890 2577 927 2641 in
942 2575 1216 2655 ²Proverbiis,—-‘
1226 2578 1448 2644 Misericordia
1469 2585 1504 2644 et

459 2686 476 2713 “
500 2679 645 2744 ‘veritas
668 2679 860 2744 custodiunt
882 2700 1054 2765 personam
1074 2681 1180 2766 regis3
1201 2680 1306 2766 pietas
1327 2702 1412 2762 vero,
1435 2681 1503 2746 sive

460 2787 478 2816 “
501 2781 702 2860 ‘clementia
719 2778 928 2847 ³corroborat
947 2781 1065 2847 solium
1088 2781 1158 2866 ejus
1169 2781 1186 2862 ;’
1201 2783 1284 2860 idea,
1294 2782 1395 2868 juxta
1410 2783 1504 2848 Ethi-

458 2891 475 2919 “
498 2905 581 2964 cum,
596 2885 675 2970 quia
696 2883 879 2960 clementia,
895 2890 935 2948 ut
957 2883 1026 2970 ipse
1049 2883 1164 2949 asserit
1182 2885 1219 2948 in
1233 2885 1301 2949 suis
1315 2886 1503 2964 Moralibus,

458 2992 476 3021 “
497 2987 661 3073 principes
681 2986 803 3052 nedum
824 2985 1017 3071 posteriores
1039 2986 1167 3072 magnis
1189 2985 1389 3073 principibus
1410 2993 1502 3054 ante-

458 3089 640 3154 “rioribus
671 3109 765 3175 pares
795 3087 904 3166 efficit,
927 3085 1143 3173 ⁴‘quinimmo
1165 3086 1313 3167 ulterius,
1336 3097 1502 3176 comparat

457 3201 475 3226 “
497 3213 552 3257 eos
567 3190 641 3256 Diis
656 3190 794 3276 magnis,
813 3189 956 3276 ipsisque
979 3189 1158 3275 coaequales
1180 3189 1309 3270 reddit;
1332 3191 1419 3256 unde
1433 3192 1502 3279 ipse

457 3300 477 3328 “
498 3293 535 3357 in
563 3293 631 3359 suis
670 3292 784 3358 metris
824 3290 965 3357 consulit
996 3290 1181 3377 Principem
1211 3288 1420 3372 ⁵Arcedium,
1451 3296 1501 3358 ita

456 3403 472 3429 “
495 3395 607 3460 dicens
621 3419 673 3458 :-

500 3516 518 3542 “
541 3508 617 3574 ‘Sis
639 3509 712 3595 pius
735 3508 771 3572 in
792 3507 899 3596 poenis
911 3531 920 3588 ;
943 3529 1020 3572 nam
1043 3528 1117 3572 cum
1139 3507 1310 3574 vincamur
1331 3508 1367 3573 in
1388 3511 1476 3574 omni

500 3616 517 3646 ‘⁶
541 3609 711 3690 ‘Munere
734 3609 804 3675 sola
826 3610 914 3676 Deos
936 3615 1047 3696 aequat
1070 3609 1244 3675 clementie
1266 3610 1379 3676 nobis’

455 3731 473 3761 “
497 3725 551 3791 Sis
573 3726 686 3812 igitur,
708 3723 871 3810 Princeps,
890 3723 991 3810 juxta
1013 3722 1196 3789 doctrinam
1220 3724 1386 3807 Eitis,-

499 3849 516 3876 “
540 3841 617 3908 ‘sie
638 3842 713 3928 pius
734 3840 895 3927 inprimis,
918 3839 1036 3924 depost
1057 3838 1101 3902 ed
1122 3839 1258 3925 praemie
1280 3838 1410 3920 melos,

542 3951 560 3979 “
582 3944 652 4009 ‘Et
675 3942 785 4009 doleas
808 3941 960 4028 quotiens
983 3940 1106 4027 cogeris
1128 3962 1197 4006 esse
1219 3939 1349 4010 ⁷ferox?
1393 3943 1396 3952 '

454 4065 472 4096 “
496 4059 557 4125 Est
587 4057 676 4123 enim
705 4057 811 4144 pietas
844 4055 953 4120 virtus
982 4055 1062 4140 ipss,
1094 4076 1167 4140 quse
1204 4055 1299 4122 docet
1336 4057 1497 4145 principes

454 4169 473 4199 “
495 4162 562 4229 suis
583 4159 789 4247 passionibus
810 4157 950 4224 fraenum
981 4157 1156 4244 imponere,
1178 4157 1352 4245 doloreque
1374 4162 1497 4226 totiens

454 4263 646 4351 “quotiens
691 4265 854 4348 coguntur
894 4259 948 4325 vel
985 4259 1131 4324 crudeles
1168 4259 1222 4324 vel
1262 4261 1383 4327 feroces
1421 4285 1496 4329 esse.

486 4463 493 4496 ¹
508 4463 668 4528 Apparently
679 4461 825 4511 redundent.
1001 4455 1096 4518 Quarto
1106 4454 1203 4508 Consul.
1213 4455 1325 4522 Horrorr'i,
1337 4457 1389 4510 viii.
1401 4459 1427 4512 ll.
1437 4463 1494 4524 276,

485 4543 496 4577 ²
511 4541 636 4594 Ρνουηὸε
648 4556 693 4590 xx.
706 4545 746 4590 28.
997 4538 1020 4587 7.
1055 4535 1102 4587 See
1113 4537 1164 4588 eleo
1175 4552 1199 4600 p.
1214 4539 1260 4588 177
1272 4544 1335 4588 unte.

485 4623 495 4656 ⁸
506 4619 702 4673 commanem
715 4619 772 4671 MS.
1029 4613 1040 4646 ⁶
1052 4615 1122 4664 color
1132 4615 1160 4664 in
1170 4615 1226 4666 MS.

481 4703 491 4735 ⁴
503 4703 614 4768 quippme
625 4699 652 4751 in
664 4699 722 4752 MS.
1028 4693 1114 4759 lseros
1125 4693 1151 4744 in
1161 4695 1218 4748 MS.

481 4783 491 4816 ⁵
503 4779 655 4833 Arctadicoa
666 4778 693 4830 in
704 4777 763 4831 MS.
774 4775 900 4831 claudian
908 4773 951 4827 De
