<?xml version="1.0" encoding="UTF-8"?>
<!DOCTYPE html PUBLIC "-//W3C//DTD XHTML 1.0 Transitional//EN"
    "http://www.w3.org/TR/xhtml1/DTD/xhtml1-transitional.dtd">
<html xmlns="http://www.w3.org/1999/xhtml" xml:lang="en" lang="en">
 <head>
  <title>
</title>
<meta http-equiv="Content-Type" content="text/html;charset=utf-8" />
  <meta name='ocr-system' content='tesseract 3.04.00' />
  <meta name='ocr-capabilities' content='ocr_page ocr_carea ocr_par ocr_line ocrx_word'/>
</head>
<body>
  <div class='ocr_page' id='page_1' title='image "./registraquorund00wallgoog_0222.png"; bbox 0 0 3582 5838; ppageno 0'>
   <div class='ocr_carea' id='block_1_1' title="bbox 448 887 1158 952">
    <p class='ocr_par' dir='ltr' id='par_1_1' title="bbox 448 887 1158 952">
     <span class='ocr_line' id='line_1_1' title="bbox 448 887 1158 952; baseline 0 0"><span class='ocrx_word' id='word_1_1' title='bbox 448 887 513 952; x_wconf 78' lang='lat'><strong>164</strong></span> <span class='ocrx_word' id='word_1_2' title='bbox 778 899 978 952; x_wconf 70' lang='lat' dir='ltr'><strong>sumeretur</strong></span> <span class='ocrx_word' id='word_1_3' title='bbox 1000 901 1158 952; x_wconf 72' lang='lat' dir='ltr'><strong>susurra</strong></span> 
     </span>
    </p>
   </div>
   <div class='ocr_carea' id='block_1_2' title="bbox 281 1081 1494 1168">
    <p class='ocr_par' dir='ltr' id='par_1_2' title="bbox 281 1081 1494 1168">
     <span class='ocr_line' id='line_1_2' title="bbox 281 1081 1494 1168; baseline 0.003 -26"><span class='ocrx_word' id='word_1_4' title='bbox 281 1091 349 1143; x_wconf 63' lang='grc' dir='ltr'><strong>ΑΒ.</strong></span> <span class='ocrx_word' id='word_1_5' title='bbox 364 1097 435 1143; x_wconf 78' lang='lat'>14⁵5.</span> <span class='ocrx_word' id='word_1_6' title='bbox 447 1081 678 1168; x_wconf 87' lang='lat' dir='ltr'><strong>gubernamen,</strong></span> <span class='ocrx_word' id='word_1_7' title='bbox 701 1103 739 1146; x_wconf 86' lang='lat' dir='ltr'><strong>uo</strong></span> <span class='ocrx_word' id='word_1_8' title='bbox 761 1081 868 1147; x_wconf 87' lang='lat' dir='ltr'><strong>dictus</strong></span> <span class='ocrx_word' id='word_1_9' title='bbox 897 1081 977 1148; x_wconf 86' lang='lat' dir='ltr'><strong>Dux</strong></span> <span class='ocrx_word' id='word_1_10' title='bbox 1004 1083 1219 1150; x_wconf 83' lang='lat' dir='ltr'><strong>Eboreoensis</strong></span> <span class='ocrx_word' id='word_1_11' title='bbox 1241 1105 1262 1148; x_wconf 84' lang='lat' dir='ltr'><strong>e</strong></span> <span class='ocrx_word' id='word_1_12' title='bbox 1283 1105 1342 1148; x_wconf 86' lang='lat' dir='ltr'><strong>suo</strong></span> <span class='ocrx_word' id='word_1_13' title='bbox 1363 1081 1494 1158; x_wconf 88' lang='lat' dir='ltr'><strong>honore,</strong></span> 
     </span>
    </p>
   </div>
   <div class='ocr_carea' id='block_1_3' title="bbox 448 1183 1051 1264">
    <p class='ocr_par' dir='ltr' id='par_1_3' title="bbox 448 1183 1051 1264">
     <span class='ocr_line' id='line_1_3' title="bbox 448 1183 1051 1264; baseline 0.005 -15"><span class='ocrx_word' id='word_1_14' title='bbox 448 1185 609 1249; x_wconf 83' lang='lat' dir='ltr'><strong>ucetiam</strong></span> <span class='ocrx_word' id='word_1_15' title='bbox 632 1205 738 1264; x_wconf 91' lang='lat' dir='ltr'><strong>onere,</strong></span> <span class='ocrx_word' id='word_1_16' title='bbox 762 1183 933 1251; x_wconf 84' lang='lat' dir='ltr'><strong>absolutus</strong></span> <span class='ocrx_word' id='word_1_17' title='bbox 956 1191 1051 1252; x_wconf 88' lang='lat' dir='ltr'><strong>esset.</strong></span> 
     </span>
    </p>
   </div>
   <div class='ocr_carea' id='block_1_4' title="bbox 280 1285 1496 1682">
    <p class='ocr_par' dir='ltr' id='par_1_4' title="bbox 280 1285 1496 1682">
     <span class='ocr_line' id='line_1_4' title="bbox 281 1285 1494 1377; baseline -0.008 -20"><span class='ocrx_word' id='word_1_18' title='bbox 281 1297 417 1377; x_wconf 73' lang='lat' dir='ltr'><strong>TheKing</strong></span> <span class='ocrx_word' id='word_1_19' title='bbox 492 1285 607 1351; x_wconf 83' lang='lat' dir='ltr'><strong>¹Tuno</strong></span> <span class='ocrx_word' id='word_1_20' title='bbox 628 1286 801 1372; x_wconf 79' lang='lat' dir='ltr'>siquidem,</span> <span class='ocrx_word' id='word_1_21' title='bbox 824 1287 1023 1354; x_wconf 73' lang='lat' dir='ltr'><strong>mediatione</strong></span> <span class='ocrx_word' id='word_1_22' title='bbox 1046 1294 1082 1355; x_wconf 90' lang='lat' dir='ltr'><strong>et</strong></span> <span class='ocrx_word' id='word_1_23' title='bbox 1103 1287 1332 1375; x_wconf 74' lang='lat' dir='ltr'><strong>procuratione</strong></span> <span class='ocrx_word' id='word_1_24' title='bbox 1353 1307 1494 1372; x_wconf 90' lang='lat' dir='ltr'><strong>quorun-</strong></span> 
     </span>
     <span class='ocr_line' id='line_1_5' title="bbox 280 1379 1495 1482; baseline -0.014 -24"><span class='ocrx_word' id='word_1_25' title='bbox 280 1379 428 1482; x_wconf 59' lang='lat' dir='ltr'><strong>ffiffiss</strong></span> <span class='ocrx_word' id='word_1_26' title='bbox 448 1388 523 1454; x_wconf 84' lang='lat' dir='ltr'><strong>dam</strong></span> <span class='ocrx_word' id='word_1_27' title='bbox 557 1410 691 1454; x_wconf 89' lang='lat' dir='ltr'><strong>suorum</strong></span> <span class='ocrx_word' id='word_1_28' title='bbox 720 1389 907 1469; x_wconf 87' lang='lat' dir='ltr'><strong>amicorum,</strong></span> <span class='ocrx_word' id='word_1_29' title='bbox 933 1390 1031 1476; x_wconf 88' lang='lat' dir='ltr'><strong>jussu</strong></span> <span class='ocrx_word' id='word_1_30' title='bbox 1063 1384 1163 1477; x_wconf 82' lang='lat' dir='ltr'><strong>Regis</strong></span> <span class='ocrx_word' id='word_1_31' title='bbox 1196 1391 1332 1456; x_wconf 74' lang='lat' dir='ltr'><strong>eductus</strong></span> <span class='ocrx_word' id='word_1_32' title='bbox 1361 1392 1433 1455; x_wconf 70' lang='lat' dir='ltr'><strong>orat</strong></span> <span class='ocrx_word' id='word_1_33' title='bbox 1454 1385 1495 1452; x_wconf 74' lang='lat' dir='ltr'><strong>de</strong></span> 
     </span>
     <span class='ocr_line' id='line_1_6' title="bbox 280 1489 1496 1579; baseline -0.009 -16"><span class='ocrx_word' id='word_1_34' title='bbox 280 1497 438 1576; x_wconf 72' lang='lat' dir='ltr'><strong>ptsomemt</strong></span> <span class='ocrx_word' id='word_1_35' title='bbox 449 1491 639 1570; x_wconf 83' lang='lat' dir='ltr'><strong>carceribus,</strong></span> <span class='ocrx_word' id='word_1_36' title='bbox 655 1491 894 1579; x_wconf 74' lang='lat' dir='ltr'><strong>adjunctusque</strong></span> <span class='ocrx_word' id='word_1_37' title='bbox 916 1491 966 1556; x_wconf 84' lang='lat' dir='ltr'><strong>illi</strong></span> <span class='ocrx_word' id='word_1_38' title='bbox 987 1493 1119 1574; x_wconf 86' lang='lat' dir='ltr'><strong>iterum,</strong></span> <span class='ocrx_word' id='word_1_39' title='bbox 1140 1514 1178 1558; x_wconf 87' lang='lat' dir='ltr'><strong>ac</strong></span> <span class='ocrx_word' id='word_1_40' title='bbox 1200 1491 1346 1567; x_wconf 78' lang='lat' dir='ltr'><strong>ulterius</strong></span> <span class='ocrx_word' id='word_1_41' title='bbox 1363 1489 1496 1556; x_wconf 81' lang='lat' dir='ltr'><strong>effectus</strong></span> 
     </span>
     <span class='ocr_line' id='line_1_7' title="bbox 281 1567 1496 1682; baseline -0.007 -17"><span class='ocrx_word' id='word_1_42' title='bbox 281 1567 350 1615; x_wconf 54' lang='grc' dir='ltr'>Μ</span> <span class='ocrx_word' id='word_1_43' title='bbox 449 1598 540 1660; x_wconf 82' lang='lat' dir='ltr'><strong>actor</strong></span> <span class='ocrx_word' id='word_1_44' title='bbox 554 1594 697 1660; x_wconf 83' lang='lat' dir='ltr'><strong>maxime</strong></span> <span class='ocrx_word' id='word_1_45' title='bbox 712 1594 901 1682; x_wconf 83' lang='lat' dir='ltr'><strong>principalis</strong></span> <span class='ocrx_word' id='word_1_46' title='bbox 916 1595 1001 1660; x_wconf 86' lang='lat' dir='ltr'><strong>circu</strong></span> <span class='ocrx_word' id='word_1_47' title='bbox 1023 1615 1195 1682; x_wconf 84' lang='lat' dir='ltr'><strong>personam</strong></span> <span class='ocrx_word' id='word_1_48' title='bbox 1210 1594 1321 1682; x_wconf 88' lang='lat' dir='ltr'><strong>ipsius.</strong></span> <span class='ocrx_word' id='word_1_49' title='bbox 1365 1592 1417 1658; x_wconf 90' lang='lat' dir='ltr'><strong>De</strong></span> <span class='ocrx_word' id='word_1_50' title='bbox 1431 1613 1496 1678; x_wconf 92' lang='lat' dir='ltr'><strong>quo</strong></span> 
     </span>
    </p>
   </div>
   <div class='ocr_carea' id='block_1_5' title="bbox 282 1693 1495 1820">
    <p class='ocr_par' dir='ltr' id='par_1_5' title="bbox 282 1693 1495 1820">
     <span class='ocr_line' id='line_1_8' title="bbox 282 1693 1495 1820; baseline -0.002 -59"><span class='ocrx_word' id='word_1_51' title='bbox 282 1701 423 1820; x_wconf 51' lang='lat' dir='ltr'><strong>ffigpke</strong></span> <span class='ocrx_word' id='word_1_52' title='bbox 449 1697 537 1762; x_wconf 84' lang='lat' dir='ltr'><strong>fecto</strong></span> <span class='ocrx_word' id='word_1_53' title='bbox 566 1696 646 1764; x_wconf 87' lang='lat' dir='ltr'><strong>Dux</strong></span> <span class='ocrx_word' id='word_1_54' title='bbox 675 1695 887 1762; x_wconf 87' lang='lat' dir='ltr'><strong>Eboraoensis</strong></span> <span class='ocrx_word' id='word_1_55' title='bbox 916 1696 980 1762; x_wconf 87' lang='lat' dir='ltr'><strong>sibi</strong></span> <span class='ocrx_word' id='word_1_56' title='bbox 1009 1703 1168 1776; x_wconf 89' lang='lat' dir='ltr'><strong>metuens,</strong></span> <span class='ocrx_word' id='word_1_57' title='bbox 1199 1702 1234 1762; x_wconf 87' lang='lat' dir='ltr'><strong>et</strong></span> <span class='ocrx_word' id='word_1_58' title='bbox 1262 1693 1407 1784; x_wconf 87' lang='lat' dir='ltr'><strong>pericula</strong></span> <span class='ocrx_word' id='word_1_59' title='bbox 1434 1693 1495 1760; x_wconf 88' lang='lat' dir='ltr'><strong>im·</strong></span> 
     </span>
    </p>
   </div>
   <div class='ocr_carea' id='block_1_6' title="bbox 281 1795 1584 4035">
    <p class='ocr_par' dir='ltr' id='par_1_6' title="bbox 281 1795 1584 4035">
     <span class='ocr_line' id='line_1_9' title="bbox 282 1795 1496 1888; baseline -0.002 -25"><span class='ocrx_word' id='word_1_60' title='bbox 282 1837 337 1888; x_wconf 76' lang='lat' dir='ltr'><strong>flios</strong></span> <span class='ocrx_word' id='word_1_61' title='bbox 347 1843 373 1887; x_wconf 82' lang='lat' dir='ltr'><strong>to</strong></span> <span class='ocrx_word' id='word_1_62' title='bbox 384 1837 427 1887; x_wconf 76' lang='lat' dir='ltr'><strong>the</strong></span> <span class='ocrx_word' id='word_1_63' title='bbox 449 1800 572 1864; x_wconf 91' lang='lat' dir='ltr'><strong>minere</strong></span> <span class='ocrx_word' id='word_1_64' title='bbox 587 1795 791 1884; x_wconf 70' lang='lat' dir='ltr'><strong>&#39;conjiciens</strong></span> <span class='ocrx_word' id='word_1_65' title='bbox 806 1799 973 1865; x_wconf 85' lang='lat' dir='ltr'><strong>subtraxit</strong></span> <span class='ocrx_word' id='word_1_66' title='bbox 992 1821 1027 1864; x_wconf 88' lang='lat' dir='ltr'><strong>se</strong></span> <span class='ocrx_word' id='word_1_67' title='bbox 1048 1799 1177 1865; x_wconf 91' lang='lat' dir='ltr'><strong>rotinus</strong></span> <span class='ocrx_word' id='word_1_68' title='bbox 1191 1799 1235 1864; x_wconf 86' lang='lat' dir='ltr'><strong>ad</strong></span> <span class='ocrx_word' id='word_1_69' title='bbox 1250 1802 1360 1885; x_wconf 86' lang='lat' dir='ltr'><strong>partes</strong></span> <span class='ocrx_word' id='word_1_70' title='bbox 1373 1796 1496 1876; x_wconf 88' lang='lat' dir='ltr'><strong>Boreae,</strong></span> 
     </span>
     <span class='ocr_line' id='line_1_10' title="bbox 281 1894 1496 2020; baseline -0.004 -54"><span class='ocrx_word' id='word_1_71' title='bbox 281 1901 409 2020; x_wconf 51' lang='lat' dir='ltr'><strong>{effi</strong></span> <span class='ocrx_word' id='word_1_72' title='bbox 449 1901 507 1966; x_wconf 93' lang='lat' dir='ltr'><strong>ubi</strong></span> <span class='ocrx_word' id='word_1_73' title='bbox 529 1923 564 1966; x_wconf 89' lang='lat' dir='ltr'><strong>se</strong></span> <span class='ocrx_word' id='word_1_74' title='bbox 593 1921 668 1966; x_wconf 88' lang='lat' dir='ltr'><strong>oum</strong></span> <span class='ocrx_word' id='word_1_75' title='bbox 702 1900 885 1967; x_wconf 84' lang='lat' dir='ltr'><strong>Comitibus</strong></span> <span class='ocrx_word' id='word_1_76' title='bbox 911 1901 951 1966; x_wconf 92' lang='lat' dir='ltr'><strong>de</strong></span> <span class='ocrx_word' id='word_1_77' title='bbox 977 1901 1158 1987; x_wconf 84' lang='lat' dir='ltr'><strong>Worewyk</strong></span> <span class='ocrx_word' id='word_1_78' title='bbox 1181 1907 1215 1966; x_wconf 91' lang='lat' dir='ltr'><strong>et</strong></span> <span class='ocrx_word' id='word_1_79' title='bbox 1238 1899 1416 1984; x_wconf 83' lang='lat' dir='ltr'><strong>Sarisbury</strong></span> <span class='ocrx_word' id='word_1_80' title='bbox 1438 1894 1496 1962; x_wconf 82' lang='lat' dir='ltr'><strong>³se</strong></span> 
     </span>
     <span class='ocr_line' id='line_1_11' title="bbox 306 1984 1497 2091; baseline -0.004 -21"><span class='ocrx_word' id='word_1_81' title='bbox 306 1984 341 2036; x_wconf 72' lang='lat'><strong>¹¹⁸</strong></span> <span class='ocrx_word' id='word_1_82' title='bbox 450 2003 683 2082; x_wconf 77' lang='lat' dir='ltr'><strong>confoederans,</strong></span> <span class='ocrx_word' id='word_1_83' title='bbox 709 2003 937 2091; x_wconf 73' lang='lat' dir='ltr'><strong>adloquebatur</strong></span> <span class='ocrx_word' id='word_1_84' title='bbox 962 2003 1046 2083; x_wconf 73' lang='lat' dir='ltr'><strong>‘eos</strong></span> <span class='ocrx_word' id='word_1_85' title='bbox 1078 2003 1141 2069; x_wconf 90' lang='lat' dir='ltr'><strong>sub</strong></span> <span class='ocrx_word' id='word_1_86' title='bbox 1172 2004 1289 2069; x_wconf 89' lang='lat' dir='ltr'><strong>horum</strong></span> <span class='ocrx_word' id='word_1_87' title='bbox 1321 2001 1497 2067; x_wconf 86' lang='lat' dir='ltr'><strong>verborum</strong></span> 
     </span>
     <span class='ocr_line' id='line_1_12' title="bbox 282 2112 628 2196; baseline -0.009 -21"><span class='ocrx_word' id='word_1_88' title='bbox 282 2117 378 2168; x_wconf 74' lang='lat' dir='ltr'><strong>flend</strong></span> <span class='ocrx_word' id='word_1_89' title='bbox 409 2183 416 2196; x_wconf 50' lang='grc'>,</span> <span class='ocrx_word' id='word_1_90' title='bbox 451 2112 628 2174; x_wconf 84' lang='lat' dir='ltr'><strong>tenore:—</strong></span> 
     </span>
     <span class='ocr_line' id='line_1_13' title="bbox 282 2183 1496 2302; baseline -0.005 -27"><span class='ocrx_word' id='word_1_91' title='bbox 282 2183 430 2302; x_wconf 38' lang='lat' dir='ltr'><strong>&amp;offlam</strong></span> <span class='ocrx_word' id='word_1_92' title='bbox 496 2218 514 2244; x_wconf 81' lang='lat'><strong>‘¹</strong></span> <span class='ocrx_word' id='word_1_93' title='bbox 538 2207 703 2296; x_wconf 81' lang='lat' dir='ltr'><strong>⁵Oogneti</strong></span> <span class='ocrx_word' id='word_1_94' title='bbox 731 2207 1027 2296; x_wconf 79' lang='lat' dir='ltr'><strong>consanguineique</strong></span> <span class='ocrx_word' id='word_1_95' title='bbox 1056 2209 1121 2274; x_wconf 93' lang='lat' dir='ltr'><strong>mei</strong></span> <span class='ocrx_word' id='word_1_96' title='bbox 1145 2205 1496 2274; x_wconf 67' lang='lat' dir='ltr'><strong>“carissimi—David</strong></span> 
     </span>
     <span class='ocr_line' id='line_1_14' title="bbox 283 2307 1497 2397; baseline 0.004 -30"><span class='ocrx_word' id='word_1_97' title='bbox 283 2328 358 2380; x_wconf 76' lang='lat' dir='ltr'><strong>rates,</strong></span> <span class='ocrx_word' id='word_1_98' title='bbox 368 2317 411 2370; x_wconf 80' lang='lat' dir='ltr'><strong>the</strong></span> <span class='ocrx_word' id='word_1_99' title='bbox 451 2317 469 2346; x_wconf 76' lang='lat'><strong>‘⁸</strong></span> <span class='ocrx_word' id='word_1_100' title='bbox 492 2311 564 2376; x_wconf 84' lang='lat' dir='ltr'><strong>Rex</strong></span> <span class='ocrx_word' id='word_1_101' title='bbox 580 2311 731 2397; x_wconf 84' lang='lat' dir='ltr'><strong>quamvis</strong></span> <span class='ocrx_word' id='word_1_102' title='bbox 746 2311 832 2376; x_wconf 90' lang='lat' dir='ltr'><strong>fidus</strong></span> <span class='ocrx_word' id='word_1_103' title='bbox 846 2312 947 2376; x_wconf 86' lang='lat' dir='ltr'><strong>fuerit</strong></span> <span class='ocrx_word' id='word_1_104' title='bbox 961 2311 1097 2377; x_wconf 88' lang='lat' dir='ltr'><strong>Domini</strong></span> <span class='ocrx_word' id='word_1_105' title='bbox 1112 2332 1234 2390; x_wconf 70' lang='lat' dir='ltr'><strong>servus</strong></span> <span class='ocrx_word' id='word_1_106' title='bbox 1248 2315 1284 2376; x_wconf 88' lang='lat' dir='ltr'><strong>et</strong></span> <span class='ocrx_word' id='word_1_107' title='bbox 1301 2309 1416 2390; x_wconf 86' lang='lat' dir='ltr'><strong>fidelis,</strong></span> <span class='ocrx_word' id='word_1_108' title='bbox 1431 2307 1497 2374; x_wconf 91' lang='lat' dir='ltr'><strong>bis·</strong></span> 
     </span>
     <span class='ocr_line' id='line_1_15' title="bbox 282 2383 1495 2503; baseline -0.004 -24"><span class='ocrx_word' id='word_1_109' title='bbox 282 2383 415 2503; x_wconf 46' lang='lat' dir='ltr'><strong>{imp</strong></span> <span class='ocrx_word' id='word_1_110' title='bbox 451 2417 471 2448; x_wconf 89' lang='lat'><strong>“</strong></span> <span class='ocrx_word' id='word_1_111' title='bbox 494 2435 558 2499; x_wconf 92' lang='lat' dir='ltr'><strong>que</strong></span> <span class='ocrx_word' id='word_1_112' title='bbox 572 2434 662 2478; x_wconf 84' lang='lat' dir='ltr'><strong>sacro</strong></span> <span class='ocrx_word' id='word_1_113' title='bbox 676 2413 833 2479; x_wconf 89' lang='lat' dir='ltr'><strong>inunctus</strong></span> <span class='ocrx_word' id='word_1_114' title='bbox 855 2414 924 2480; x_wconf 89' lang='lat' dir='ltr'><strong>oleo</strong></span> <span class='ocrx_word' id='word_1_115' title='bbox 947 2435 1016 2501; x_wconf 85' lang='lat' dir='ltr'><strong>pree</strong></span> <span class='ocrx_word' id='word_1_116' title='bbox 1038 2413 1176 2500; x_wconf 86' lang='lat' dir='ltr'><strong>singulis</strong></span> <span class='ocrx_word' id='word_1_117' title='bbox 1191 2411 1407 2501; x_wconf 70' lang='lat' dir='ltr'><strong>participibus</strong></span> <span class='ocrx_word' id='word_1_118' title='bbox 1420 2409 1495 2490; x_wconf 88' lang='lat' dir='ltr'><strong>suis,</strong></span> 
     </span>
     <span class='ocr_line' id='line_1_16' title="bbox 283 2512 1496 2633; baseline -0.004 -52"><span class='ocrx_word' id='word_1_119' title='bbox 283 2518 332 2633; x_wconf 54' lang='lat'><strong>31¹⁶</strong></span> <span class='ocrx_word' id='word_1_120' title='bbox 344 2517 422 2569; x_wconf 76' lang='lat' dir='ltr'><strong>sms·</strong></span> <span class='ocrx_word' id='word_1_121' title='bbox 451 2520 470 2551; x_wconf 78' lang='lat'><strong>‘⁸</strong></span> <span class='ocrx_word' id='word_1_122' title='bbox 493 2536 561 2581; x_wconf 89' lang='lat' dir='ltr'><strong>non</strong></span> <span class='ocrx_word' id='word_1_123' title='bbox 586 2515 682 2580; x_wconf 86' lang='lat' dir='ltr'><strong>aliter</strong></span> <span class='ocrx_word' id='word_1_124' title='bbox 700 2520 821 2597; x_wconf 88' lang='lat' dir='ltr'><strong>temen,</strong></span> <span class='ocrx_word' id='word_1_125' title='bbox 843 2516 944 2601; x_wconf 81' lang='lat' dir='ltr'><strong>juxta</strong></span> <span class='ocrx_word' id='word_1_126' title='bbox 966 2517 1194 2602; x_wconf 85' lang='lat' dir='ltr'><strong>Augustinum</strong></span> <span class='ocrx_word' id='word_1_127' title='bbox 1219 2515 1262 2580; x_wconf 85' lang='lat' dir='ltr'><strong>ad</strong></span> <span class='ocrx_word' id='word_1_128' title='bbox 1284 2512 1496 2580; x_wconf 80' lang='lat' dir='ltr'><strong>Bonefooium</strong></span> 
     </span>
     <span class='ocr_line' id='line_1_17' title="bbox 301 2597 1495 2704; baseline -0.005 -20"><span class='ocrx_word' id='word_1_129' title='bbox 301 2597 356 2648; x_wconf 71' lang='lat' dir='ltr'><strong>my.</strong></span> <span class='ocrx_word' id='word_1_130' title='bbox 451 2625 470 2652; x_wconf 78' lang='lat'><strong>‘¹</strong></span> <span class='ocrx_word' id='word_1_131' title='bbox 492 2617 663 2700; x_wconf 82' lang='lat' dir='ltr'><strong>Comitem,</strong></span> <span class='ocrx_word' id='word_1_132' title='bbox 682 2616 797 2682; x_wconf 91' lang='lat' dir='ltr'><strong>domus</strong></span> <span class='ocrx_word' id='word_1_133' title='bbox 819 2615 909 2684; x_wconf 82' lang='lat' dir='ltr'><strong>⁷suse</strong></span> <span class='ocrx_word' id='word_1_134' title='bbox 931 2639 1044 2704; x_wconf 87' lang='lat' dir='ltr'><strong>paoem</strong></span> <span class='ocrx_word' id='word_1_135' title='bbox 1066 2617 1186 2683; x_wconf 84' lang='lat' dir='ltr'><strong>habere</strong></span> <span class='ocrx_word' id='word_1_136' title='bbox 1209 2615 1399 2703; x_wconf 87' lang='lat' dir='ltr'><strong>promeruit,</strong></span> <span class='ocrx_word' id='word_1_137' title='bbox 1415 2614 1495 2701; x_wconf 94' lang='lat' dir='ltr'><strong>quin</strong></span> 
     </span>
     <span class='ocr_line' id='line_1_18' title="bbox 451 2717 1497 2808; baseline -0.003 -23"><span class='ocrx_word' id='word_1_138' title='bbox 451 2721 470 2756; x_wconf 78' lang='lat'><strong>¹‘</strong></span> <span class='ocrx_word' id='word_1_139' title='bbox 493 2720 585 2808; x_wconf 89' lang='lat' dir='ltr'><strong>prius</strong></span> <span class='ocrx_word' id='word_1_140' title='bbox 600 2719 848 2806; x_wconf 84' lang='lat' dir='ltr'><strong>extingueretur</strong></span> <span class='ocrx_word' id='word_1_141' title='bbox 863 2719 919 2785; x_wconf 85' lang='lat' dir='ltr'><strong>ille</strong></span> <span class='ocrx_word' id='word_1_142' title='bbox 933 2719 1127 2806; x_wconf 81' lang='lat' dir='ltr'><strong>perditionis</strong></span> <span class='ocrx_word' id='word_1_143' title='bbox 1141 2717 1259 2796; x_wconf 68' lang='lat' dir='ltr'><strong>ifilius</strong></span> <span class='ocrx_word' id='word_1_144' title='bbox 1272 2717 1331 2804; x_wconf 91' lang='lat' dir='ltr'><strong>qui</strong></span> <span class='ocrx_word' id='word_1_145' title='bbox 1342 2717 1448 2784; x_wconf 82' lang='lat' dir='ltr'><strong>erexit</strong></span> <span class='ocrx_word' id='word_1_146' title='bbox 1462 2737 1497 2782; x_wconf 90' lang='lat' dir='ltr'><strong>se</strong></span> 
     </span>
     <span class='ocr_line' id='line_1_19' title="bbox 451 2819 1497 2910; baseline -0.004 -22"><span class='ocrx_word' id='word_1_147' title='bbox 451 2829 591 2910; x_wconf 87' lang='lat' dir='ltr'><strong>“supra</strong></span> <span class='ocrx_word' id='word_1_148' title='bbox 621 2844 664 2904; x_wconf 89' lang='lat' dir='ltr'><strong>se,</strong></span> <span class='ocrx_word' id='word_1_149' title='bbox 690 2827 867 2908; x_wconf 83' lang='lat' dir='ltr'><strong>contraque</strong></span> <span class='ocrx_word' id='word_1_150' title='bbox 897 2822 1079 2909; x_wconf 84' lang='lat' dir='ltr'><strong>genitorem</strong></span> <span class='ocrx_word' id='word_1_151' title='bbox 1110 2821 1277 2909; x_wconf 90' lang='lat' dir='ltr'><strong>proprium</strong></span> <span class='ocrx_word' id='word_1_152' title='bbox 1317 2819 1497 2907; x_wconf 85' lang='lat' dir='ltr'><strong>proditiose</strong></span> 
     </span>
     <span class='ocr_line' id='line_1_20' title="bbox 451 2922 1498 3012; baseline -0.005 -22"><span class='ocrx_word' id='word_1_153' title='bbox 451 2933 469 2962; x_wconf 76' lang='lat'><strong>‘¹</strong></span> <span class='ocrx_word' id='word_1_154' title='bbox 491 2927 602 2991; x_wconf 87' lang='lat' dir='ltr'><strong>animo</strong></span> <span class='ocrx_word' id='word_1_155' title='bbox 623 2925 811 2992; x_wconf 86' lang='lat' dir='ltr'><strong>insurrexit.</strong></span> <span class='ocrx_word' id='word_1_156' title='bbox 857 2924 910 2991; x_wconf 84' lang='lat' dir='ltr'><strong>Ad</strong></span> <span class='ocrx_word' id='word_1_157' title='bbox 932 2923 1275 3012; x_wconf 80' lang='lat' dir='ltr'><strong>propositum-Licet</strong></span> <span class='ocrx_word' id='word_1_158' title='bbox 1296 2922 1370 2988; x_wconf 81' lang='lat' dir='ltr'><strong>Rex</strong></span> <span class='ocrx_word' id='word_1_159' title='bbox 1387 2925 1498 2989; x_wconf 83' lang='lat' dir='ltr'><strong>noster</strong></span> 
     </span>
     <span class='ocr_line' id='line_1_21' title="bbox 450 3025 1497 3114; baseline -0.006 -20"><span class='ocrx_word' id='word_1_160' title='bbox 450 3035 468 3064; x_wconf 90' lang='lat'><strong>“</strong></span> <span class='ocrx_word' id='word_1_161' title='bbox 490 3027 654 3094; x_wconf 87' lang='lat' dir='ltr'><strong>Henrious</strong></span> <span class='ocrx_word' id='word_1_162' title='bbox 668 3027 721 3092; x_wconf 87' lang='lat' dir='ltr'><strong>vir</strong></span> <span class='ocrx_word' id='word_1_163' title='bbox 735 3027 836 3093; x_wconf 86' lang='lat' dir='ltr'><strong>fuerit</strong></span> <span class='ocrx_word' id='word_1_164' title='bbox 857 3025 997 3114; x_wconf 86' lang='lat' dir='ltr'><strong>simplex</strong></span> <span class='ocrx_word' id='word_1_165' title='bbox 1011 3033 1044 3092; x_wconf 90' lang='lat' dir='ltr'><strong>et</strong></span> <span class='ocrx_word' id='word_1_166' title='bbox 1067 3031 1186 3104; x_wconf 89' lang='lat' dir='ltr'><strong>rectus,</strong></span> <span class='ocrx_word' id='word_1_167' title='bbox 1207 3025 1357 3110; x_wconf 81' lang='lat' dir='ltr'><strong>nullique</strong></span> <span class='ocrx_word' id='word_1_168' title='bbox 1373 3025 1497 3089; x_wconf 86' lang='lat' dir='ltr'><strong>malum</strong></span> 
     </span>
     <span class='ocr_line' id='line_1_22' title="bbox 450 3127 1498 3210; baseline -0.007 -12"><span class='ocrx_word' id='word_1_169' title='bbox 450 3140 469 3168; x_wconf 92' lang='lat'><strong>“</strong></span> <span class='ocrx_word' id='word_1_170' title='bbox 491 3153 534 3198; x_wconf 89' lang='lat' dir='ltr'><strong>ex</strong></span> <span class='ocrx_word' id='word_1_171' title='bbox 548 3153 590 3210; x_wconf 80' lang='lat' dir='ltr'><strong>se,</strong></span> <span class='ocrx_word' id='word_1_172' title='bbox 605 3134 665 3197; x_wconf 85' lang='lat' dir='ltr'><strong>aut</strong></span> <span class='ocrx_word' id='word_1_173' title='bbox 688 3131 728 3196; x_wconf 89' lang='lat' dir='ltr'><strong>de</strong></span> <span class='ocrx_word' id='word_1_174' title='bbox 751 3153 793 3210; x_wconf 90' lang='lat' dir='ltr'><strong>se,</strong></span> <span class='ocrx_word' id='word_1_175' title='bbox 815 3129 959 3198; x_wconf 88' lang='lat' dir='ltr'><strong>multum</strong></span> <span class='ocrx_word' id='word_1_176' title='bbox 981 3129 1164 3206; x_wconf 71' lang='lat' dir='ltr'><strong>intendens</strong></span> <span class='ocrx_word' id='word_1_177' title='bbox 1179 3150 1249 3193; x_wconf 88' lang='lat' dir='ltr'><strong>non</strong></span> <span class='ocrx_word' id='word_1_178' title='bbox 1264 3127 1361 3194; x_wconf 81' lang='lat' dir='ltr'><strong>aliter</strong></span> <span class='ocrx_word' id='word_1_179' title='bbox 1375 3132 1498 3206; x_wconf 84' lang='lat' dir='ltr'><strong>temen,</strong></span> 
     </span>
     <span class='ocr_line' id='line_1_23' title="bbox 450 3231 1499 3321; baseline -0.003 -22"><span class='ocrx_word' id='word_1_180' title='bbox 450 3241 468 3271; x_wconf 91' lang='lat'><strong><em>“</em></strong></span> <span class='ocrx_word' id='word_1_181' title='bbox 486 3233 587 3321; x_wconf 86' lang='lat' dir='ltr'><strong>juxta</strong></span> <span class='ocrx_word' id='word_1_182' title='bbox 609 3232 796 3318; x_wconf 91' lang='lat' dir='ltr'><strong>opinionem</strong></span> <span class='ocrx_word' id='word_1_183' title='bbox 818 3232 941 3297; x_wconf 91' lang='lat' dir='ltr'><strong>nedum</strong></span> <span class='ocrx_word' id='word_1_184' title='bbox 963 3253 1078 3310; x_wconf 85' lang='lat' dir='ltr'><strong>meam,</strong></span> <span class='ocrx_word' id='word_1_185' title='bbox 1103 3231 1284 3318; x_wconf 79' lang='lat' dir='ltr'><strong>quinetiam</strong></span> <span class='ocrx_word' id='word_1_186' title='bbox 1306 3231 1410 3296; x_wconf 89' lang='lat' dir='ltr'><strong>totius</strong></span> <span class='ocrx_word' id='word_1_187' title='bbox 1424 3231 1499 3296; x_wconf 88' lang='lat' dir='ltr'><strong>vul-</strong></span> 
     </span>
     <span class='ocr_line' id='line_1_24' title="bbox 450 3333 1500 3423; baseline -0.002 -23"><span class='ocrx_word' id='word_1_188' title='bbox 450 3342 470 3372; x_wconf 88' lang='lat'><strong>“</strong></span> <span class='ocrx_word' id='word_1_189' title='bbox 491 3335 580 3422; x_wconf 87' lang='lat' dir='ltr'><strong>geris</strong></span> <span class='ocrx_word' id='word_1_190' title='bbox 594 3334 708 3423; x_wconf 90' lang='lat' dir='ltr'><strong>plebis,</strong></span> <span class='ocrx_word' id='word_1_191' title='bbox 723 3335 760 3399; x_wconf 91' lang='lat' dir='ltr'><strong>in</strong></span> <span class='ocrx_word' id='word_1_192' title='bbox 776 3357 815 3400; x_wconf 83' lang='lat' dir='ltr'><strong>ea</strong></span> <span class='ocrx_word' id='word_1_193' title='bbox 829 3339 924 3421; x_wconf 87' lang='lat' dir='ltr'><strong>perte</strong></span> <span class='ocrx_word' id='word_1_194' title='bbox 943 3334 1143 3413; x_wconf 86' lang='lat' dir='ltr'><strong>concordem,</strong></span> <span class='ocrx_word' id='word_1_195' title='bbox 1159 3334 1282 3421; x_wconf 87' lang='lat' dir='ltr'><strong>poterit</strong></span> <span class='ocrx_word' id='word_1_196' title='bbox 1298 3333 1415 3400; x_wconf 89' lang='lat' dir='ltr'><strong>domus</strong></span> <span class='ocrx_word' id='word_1_197' title='bbox 1429 3355 1500 3412; x_wconf 85' lang='lat' dir='ltr'><strong>suo,</strong></span> 
     </span>
     <span class='ocr_line' id='line_1_25' title="bbox 451 3435 1500 3524; baseline -0.002 -21"><span class='ocrx_word' id='word_1_198' title='bbox 451 3443 470 3474; x_wconf 90' lang='lat'><strong>“</strong></span> <span class='ocrx_word' id='word_1_199' title='bbox 493 3438 617 3514; x_wconf 91' lang='lat' dir='ltr'><strong>domus,</strong></span> <span class='ocrx_word' id='word_1_200' title='bbox 632 3435 792 3515; x_wconf 87' lang='lat' dir='ltr'><strong>videlieet,</strong></span> <span class='ocrx_word' id='word_1_201' title='bbox 815 3436 908 3524; x_wconf 86' lang='lat' dir='ltr'><strong>regni</strong></span> <span class='ocrx_word' id='word_1_202' title='bbox 929 3437 1036 3524; x_wconf 89' lang='lat' dir='ltr'><strong>hujus,</strong></span> <span class='ocrx_word' id='word_1_203' title='bbox 1052 3438 1088 3502; x_wconf 91' lang='lat' dir='ltr'><strong>in</strong></span> <span class='ocrx_word' id='word_1_204' title='bbox 1110 3459 1188 3524; x_wconf 82' lang='lat' dir='ltr'><strong>paee</strong></span> <span class='ocrx_word' id='word_1_205' title='bbox 1208 3442 1244 3503; x_wconf 89' lang='lat' dir='ltr'><strong>et</strong></span> <span class='ocrx_word' id='word_1_206' title='bbox 1258 3435 1500 3522; x_wconf 79' lang='lat' dir='ltr'><strong>tranquillitate</strong></span> 
     </span>
     <span class='ocr_line' id='line_1_26' title="bbox 453 3538 1497 3626; baseline 0 -22"><span class='ocrx_word' id='word_1_207' title='bbox 453 3545 470 3574; x_wconf 81' lang='lat'><strong>‘⁶</strong></span> <span class='ocrx_word' id='word_1_208' title='bbox 492 3540 673 3625; x_wconf 87' lang='lat' dir='ltr'><strong>persistere,</strong></span> <span class='ocrx_word' id='word_1_209' title='bbox 695 3538 760 3604; x_wconf 85' lang='lat' dir='ltr'><strong>nisi</strong></span> <span class='ocrx_word' id='word_1_210' title='bbox 782 3547 945 3626; x_wconf 88' lang='lat' dir='ltr'><strong>quatenus</strong></span> <span class='ocrx_word' id='word_1_211' title='bbox 973 3541 1112 3606; x_wconf 84' lang='lat' dir='ltr'><strong>tollatur</strong></span> <span class='ocrx_word' id='word_1_212' title='bbox 1134 3539 1175 3605; x_wconf 93' lang='lat' dir='ltr'><strong>de</strong></span> <span class='ocrx_word' id='word_1_213' title='bbox 1197 3539 1372 3626; x_wconf 77' lang='lat' dir='ltr'><strong>praesentia</strong></span> <span class='ocrx_word' id='word_1_214' title='bbox 1392 3539 1497 3626; x_wconf 88' lang='lat' dir='ltr'><strong>ipsius</strong></span> 
     </span>
     <span class='ocr_line' id='line_1_27' title="bbox 454 3638 1501 3728; baseline 0 -22"><span class='ocrx_word' id='word_1_215' title='bbox 454 3648 471 3678; x_wconf 89' lang='lat'>“</span> <span class='ocrx_word' id='word_1_216' title='bbox 494 3642 551 3706; x_wconf 81' lang='lat' dir='ltr'><strong>iile</strong></span> <span class='ocrx_word' id='word_1_217' title='bbox 581 3638 656 3706; x_wconf 71' lang='lat' dir='ltr'><strong>⁰vir</strong></span> <span class='ocrx_word' id='word_1_218' title='bbox 688 3641 808 3728; x_wconf 88' lang='lat' dir='ltr'><strong>impius</strong></span> <span class='ocrx_word' id='word_1_219' title='bbox 833 3646 868 3706; x_wconf 89' lang='lat' dir='ltr'><strong>et</strong></span> <span class='ocrx_word' id='word_1_220' title='bbox 894 3640 1076 3722; x_wconf 88' lang='lat' dir='ltr'><strong>seditiosus,</strong></span> <span class='ocrx_word' id='word_1_221' title='bbox 1102 3641 1160 3728; x_wconf 86' lang='lat' dir='ltr'><strong>qui</strong></span> <span class='ocrx_word' id='word_1_222' title='bbox 1188 3641 1294 3728; x_wconf 90' lang='lat' dir='ltr'><strong>legem</strong></span> <span class='ocrx_word' id='word_1_223' title='bbox 1325 3641 1501 3720; x_wconf 87' lang='lat' dir='ltr'><strong>subvertit,</strong></span> 
     </span>
     <span class='ocr_line' id='line_1_28' title="bbox 453 3743 1502 3832; baseline -0.003 -22"><span class='ocrx_word' id='word_1_224' title='bbox 453 3753 472 3780; x_wconf 81' lang='lat'><strong>‘¹</strong></span> <span class='ocrx_word' id='word_1_225' title='bbox 495 3765 607 3832; x_wconf 80' lang='lat' dir='ltr'><strong>paoem</strong></span> <span class='ocrx_word' id='word_1_226' title='bbox 628 3743 951 3830; x_wconf 71' lang='lat' dir='ltr'><strong>perturbatumque</strong></span> <span class='ocrx_word' id='word_1_227' title='bbox 973 3749 1041 3810; x_wconf 91' lang='lat' dir='ltr'><strong>tres</strong></span> <span class='ocrx_word' id='word_1_228' title='bbox 1062 3744 1099 3808; x_wconf 89' lang='lat' dir='ltr'><strong>in</strong></span> <span class='ocrx_word' id='word_1_229' title='bbox 1122 3743 1228 3830; x_wconf 88' lang='lat' dir='ltr'><strong>specie</strong></span> <span class='ocrx_word' id='word_1_230' title='bbox 1251 3743 1356 3810; x_wconf 90' lang='lat' dir='ltr'><strong>delere</strong></span> <span class='ocrx_word' id='word_1_231' title='bbox 1378 3743 1502 3809; x_wconf 87' lang='lat' dir='ltr'><strong>nititur</strong></span> 
     </span>
     <span class='ocr_line' id='line_1_29' title="bbox 454 3845 1584 3932; baseline -0.004 -19"><span class='ocrx_word' id='word_1_232' title='bbox 454 3855 472 3882; x_wconf 78' lang='lat'><strong>‘¹</strong></span> <span class='ocrx_word' id='word_1_233' title='bbox 494 3848 535 3913; x_wconf 92' lang='lat' dir='ltr'><strong>de</strong></span> <span class='ocrx_word' id='word_1_234' title='bbox 557 3846 643 3912; x_wconf 88' lang='lat' dir='ltr'><strong>iibro</strong></span> <span class='ocrx_word' id='word_1_235' title='bbox 664 3847 754 3927; x_wconf 81' lang='lat' dir='ltr'><strong>vitae,</strong></span> <span class='ocrx_word' id='word_1_236' title='bbox 777 3845 945 3932; x_wconf 71' lang='lat' dir='ltr'><strong>iaomeque</strong></span> <span class='ocrx_word' id='word_1_237' title='bbox 967 3845 1052 3912; x_wconf 90' lang='lat' dir='ltr'><strong>filios</strong></span> <span class='ocrx_word' id='word_1_238' title='bbox 1074 3853 1202 3912; x_wconf 87' lang='lat' dir='ltr'><strong>nostros</strong></span> <span class='ocrx_word' id='word_1_239' title='bbox 1224 3845 1396 3932; x_wconf 83' lang='lat' dir='ltr'><strong>orphanos,</strong></span> <span class='ocrx_word' id='word_1_240' title='bbox 1418 3867 1500 3910; x_wconf 88' lang='lat' dir='ltr'><strong>uxo·</strong></span> <span class='ocrx_word' id='word_1_241' title='bbox 1582 3859 1584 3866; x_wconf 87' lang='grc'><strong>’</strong></span> 
     </span>
     <span class='ocr_line' id='line_1_30' title="bbox 455 3948 1501 4035; baseline -0.001 -19"><span class='ocrx_word' id='word_1_242' title='bbox 455 3959 473 3988; x_wconf 87' lang='grc'><strong>“</strong></span> <span class='ocrx_word' id='word_1_243' title='bbox 495 3971 546 4016; x_wconf 89' lang='lat' dir='ltr'><strong>res</strong></span> <span class='ocrx_word' id='word_1_244' title='bbox 575 3970 652 4015; x_wconf 86' lang='lat' dir='ltr'><strong>vero</strong></span> <span class='ocrx_word' id='word_1_245' title='bbox 674 3950 799 4030; x_wconf 84' lang='lat' dir='ltr'><strong>viduas,</strong></span> <span class='ocrx_word' id='word_1_246' title='bbox 830 3971 868 4015; x_wconf 85' lang='lat' dir='ltr'><strong>uo</strong></span> <span class='ocrx_word' id='word_1_247' title='bbox 897 3949 999 4015; x_wconf 88' lang='lat' dir='ltr'><strong>etiam</strong></span> <span class='ocrx_word' id='word_1_248' title='bbox 1029 3969 1149 4015; x_wconf 82' lang='lat' dir='ltr'><strong>vacuas</strong></span> <span class='ocrx_word' id='word_1_249' title='bbox 1178 3949 1301 4035; x_wconf 83' lang='lat' dir='ltr'><strong>absque</strong></span> <span class='ocrx_word' id='word_1_250' title='bbox 1323 3949 1392 4014; x_wconf 85' lang='lat' dir='ltr'><strong>uile</strong></span> <span class='ocrx_word' id='word_1_251' title='bbox 1414 3948 1501 4015; x_wconf 88' lang='lat' dir='ltr'><strong>dote.</strong></span> 
     </span>
    </p>
   </div>
   <div class='ocr_carea' id='block_1_7' title="bbox 454 4050 1502 4138">
    <p class='ocr_par' dir='ltr' id='par_1_7' title="bbox 454 4050 1502 4138">
     <span class='ocr_line' id='line_1_31' title="bbox 454 4050 1502 4138; baseline -0.006 -19"><span class='ocrx_word' id='word_1_252' title='bbox 454 4052 623 4134; x_wconf 80' lang='lat' dir='ltr'><strong>“Quibus</strong></span> <span class='ocrx_word' id='word_1_253' title='bbox 646 4050 740 4116; x_wconf 86' lang='lat' dir='ltr'><strong>malis</strong></span> <span class='ocrx_word' id='word_1_254' title='bbox 761 4051 804 4116; x_wconf 84' lang='lat' dir='ltr'><strong>ed</strong></span> <span class='ocrx_word' id='word_1_255' title='bbox 834 4050 1036 4116; x_wconf 82' lang='lat' dir='ltr'><strong>obviandum</strong></span> <span class='ocrx_word' id='word_1_256' title='bbox 1067 4051 1243 4138; x_wconf 84' lang='lat' dir='ltr'><strong>potentius,</strong></span> <span class='ocrx_word' id='word_1_257' title='bbox 1265 4050 1502 4117; x_wconf 85' lang='lat' dir='ltr'><strong>reducendum-</strong></span> 
     </span>
    </p>
   </div>
   <div class='ocr_carea' id='block_1_8' title="bbox 455 4239 1503 4931">
    <p class='ocr_par' dir='ltr' id='par_1_8' title="bbox 455 4239 1503 4469">
     <span class='ocr_line' id='line_1_32' title="bbox 489 4239 1503 4306; baseline -0.005 -12"><span class='ocrx_word' id='word_1_258' title='bbox 489 4245 497 4278; x_wconf 87' lang='lat'>¹</span> <span class='ocrx_word' id='word_1_259' title='bbox 509 4243 674 4294; x_wconf 74' lang='lat' dir='ltr'><strong>Etorooensis</strong></span> <span class='ocrx_word' id='word_1_260' title='bbox 690 4239 955 4292; x_wconf 60' lang='lat' dir='ltr'><strong>enumeratus-So·</strong></span> <span class='ocrx_word' id='word_1_261' title='bbox 995 4239 1243 4306; x_wconf 74' lang='lat' dir='ltr'><strong>plima-Marginal</strong></span> <span class='ocrx_word' id='word_1_262' title='bbox 1270 4239 1347 4302; x_wconf 76' lang='lat' dir='ltr'><strong>Note,</strong></span> <span class='ocrx_word' id='word_1_263' title='bbox 1370 4240 1406 4303; x_wconf 78' lang='lat' dir='ltr'><strong>by</strong></span> <span class='ocrx_word' id='word_1_264' title='bbox 1432 4239 1503 4289; x_wconf 68' lang='lat' dir='ltr'><strong>Iord</strong></span> 
     </span>
     <span class='ocr_line' id='line_1_33' title="bbox 455 4317 1239 4385; baseline -0.011 -9"><span class='ocrx_word' id='word_1_265' title='bbox 455 4324 603 4376; x_wconf 66' lang='lat' dir='ltr'><strong>maxensis</strong></span> <span class='ocrx_word' id='word_1_266' title='bbox 653 4319 777 4371; x_wconf 66' lang='lat' dir='ltr'><strong>Etutam.</strong></span> <span class='ocrx_word' id='word_1_267' title='bbox 786 4347 817 4358; x_wconf 90' lang='lat'>—</span> <span class='ocrx_word' id='word_1_268' title='bbox 828 4318 955 4385; x_wconf 67' lang='lat' dir='ltr'><strong>Marginal</strong></span> <span class='ocrx_word' id='word_1_269' title='bbox 998 4317 1111 4370; x_wconf 76' lang='lat' dir='ltr'><strong>william</strong></span> <span class='ocrx_word' id='word_1_270' title='bbox 1121 4318 1239 4368; x_wconf 79' lang='lat' dir='ltr'><strong>Horrord.</strong></span> 
     </span>
     <span class='ocr_line' id='line_1_34' title="bbox 456 4395 1282 4469; baseline -0.011 -13"><span class='ocrx_word' id='word_1_271' title='bbox 456 4405 531 4466; x_wconf 81' lang='lat' dir='ltr'><strong>Note,</strong></span> <span class='ocrx_word' id='word_1_272' title='bbox 542 4405 577 4469; x_wconf 86' lang='lat' dir='ltr'><strong>by</strong></span> <span class='ocrx_word' id='word_1_273' title='bbox 588 4400 658 4451; x_wconf 83' lang='lat' dir='ltr'><strong>Lord</strong></span> <span class='ocrx_word' id='word_1_274' title='bbox 669 4396 782 4450; x_wconf 75' lang='lat' dir='ltr'><strong>william</strong></span> <span class='ocrx_word' id='word_1_275' title='bbox 793 4397 912 4449; x_wconf 80' lang='lat' dir='ltr'><strong>Heuard.</strong></span> <span class='ocrx_word' id='word_1_276' title='bbox 1034 4396 1044 4430; x_wconf 81' lang='lat'>⁸</span> <span class='ocrx_word' id='word_1_277' title='bbox 1055 4396 1178 4447; x_wconf 60' lang='lat' dir='ltr'><strong>maome</strong></span> <span class='ocrx_word' id='word_1_278' title='bbox 1188 4396 1214 4447; x_wconf 92' lang='lat' dir='ltr'><strong>in</strong></span> <span class='ocrx_word' id='word_1_279' title='bbox 1225 4395 1282 4448; x_wconf 78' lang='grc' dir='ltr'><strong>ΜΒ.</strong></span> 
     </span>
    </p>

    <p class='ocr_par' dir='ltr' id='par_1_9' title="bbox 489 4475 1206 4532">
     <span class='ocr_line' id='line_1_35' title="bbox 489 4475 1206 4532; baseline -0.004 0"><span class='ocrx_word' id='word_1_280' title='bbox 489 4478 733 4532; x_wconf 63' lang='lat' dir='ltr'><strong>&#39;mmmmm</strong></span> <span class='ocrx_word' id='word_1_281' title='bbox 1032 4475 1206 4529; x_wconf 76' lang='lat' dir='ltr'><strong>⁷ruainMS.</strong></span> 
     </span>
    </p>

    <p class='ocr_par' dir='ltr' id='par_1_10' title="bbox 489 4556 1365 4624">
     <span class='ocr_line' id='line_1_36' title="bbox 489 4556 1365 4624; baseline -0.009 -10"><span class='ocrx_word' id='word_1_282' title='bbox 489 4560 672 4624; x_wconf 79' lang='lat' dir='ltr'><strong>³Sicinnrs.,</strong></span> <span class='ocrx_word' id='word_1_283' title='bbox 682 4559 806 4623; x_wconf 83' lang='lat' dir='ltr'><strong>repeated.</strong></span> <span class='ocrx_word' id='word_1_284' title='bbox 1033 4556 1320 4610; x_wconf 69' lang='lat' dir='ltr'><strong>&#39;Absalomisuiluded</strong></span> <span class='ocrx_word' id='word_1_285' title='bbox 1330 4563 1365 4607; x_wconf 85' lang='lat' dir='ltr'><strong>to.</strong></span> 
     </span>
    </p>

    <p class='ocr_par' dir='ltr' id='par_1_11' title="bbox 457 4635 1500 4854">
     <span class='ocr_line' id='line_1_37' title="bbox 489 4635 1500 4691; baseline -0.006 0"><span class='ocrx_word' id='word_1_286' title='bbox 489 4641 501 4672; x_wconf 84' lang='lat'><strong>⁴</strong></span> <span class='ocrx_word' id='word_1_287' title='bbox 515 4640 618 4691; x_wconf 64' lang='grc' dir='ltr'><strong>(Μία</strong></span> <span class='ocrx_word' id='word_1_288' title='bbox 628 4639 658 4690; x_wconf 81' lang='lat' dir='ltr'><strong>de</strong></span> <span class='ocrx_word' id='word_1_289' title='bbox 671 4637 791 4690; x_wconf 76' lang='lat' dir='ltr'><strong>Wormiok</strong></span> <span class='ocrx_word' id='word_1_290' title='bbox 802 4644 827 4688; x_wconf 75' lang='lat' dir='ltr'><strong>et</strong></span> <span class='ocrx_word' id='word_1_291' title='bbox 836 4635 865 4687; x_wconf 81' lang='lat' dir='ltr'><strong>ds</strong></span> <span class='ocrx_word' id='word_1_292' title='bbox 877 4635 957 4686; x_wconf 82' lang='lat' dir='ltr'><strong>Solis·</strong></span> <span class='ocrx_word' id='word_1_293' title='bbox 1032 4635 1043 4668; x_wconf 82' lang='lat'>⁹</span> <span class='ocrx_word' id='word_1_294' title='bbox 1057 4635 1187 4688; x_wconf 76' lang='lat' dir='ltr'><strong>Someruti</strong></span> <span class='ocrx_word' id='word_1_295' title='bbox 1198 4635 1294 4686; x_wconf 74' lang='lat' dir='ltr'><strong>Ducem</strong></span> <span class='ocrx_word' id='word_1_296' title='bbox 1309 4635 1500 4686; x_wconf 75' lang='lat' dir='ltr'><strong>innuit-Mar·</strong></span> 
     </span>
     <span class='ocr_line' id='line_1_38' title="bbox 457 4713 1498 4786; baseline -0.007 -15"><span class='ocrx_word' id='word_1_297' title='bbox 457 4718 686 4786; x_wconf 72' lang='lat' dir='ltr'><strong>tury.-Marginal</strong></span> <span class='ocrx_word' id='word_1_298' title='bbox 719 4719 794 4782; x_wconf 81' lang='lat' dir='ltr'><strong>Note,</strong></span> <span class='ocrx_word' id='word_1_299' title='bbox 825 4719 861 4785; x_wconf 87' lang='lat' dir='ltr'><strong>by</strong></span> <span class='ocrx_word' id='word_1_300' title='bbox 886 4716 956 4768; x_wconf 82' lang='lat' dir='ltr'><strong>Lord</strong></span> <span class='ocrx_word' id='word_1_301' title='bbox 999 4714 1068 4781; x_wconf 78' lang='lat' dir='ltr'><strong>ginul</strong></span> <span class='ocrx_word' id='word_1_302' title='bbox 1101 4716 1178 4779; x_wconf 84' lang='lat' dir='ltr'><strong>Note,</strong></span> <span class='ocrx_word' id='word_1_303' title='bbox 1209 4717 1245 4780; x_wconf 81' lang='lat' dir='ltr'><strong>by</strong></span> <span class='ocrx_word' id='word_1_304' title='bbox 1278 4715 1347 4766; x_wconf 78' lang='lat' dir='ltr'><strong>Lord</strong></span> <span class='ocrx_word' id='word_1_305' title='bbox 1384 4713 1498 4768; x_wconf 78' lang='lat' dir='ltr'><strong>william</strong></span> 
     </span>
     <span class='ocr_line' id='line_1_39' title="bbox 457 4793 1123 4854; baseline -0.014 0"><span class='ocrx_word' id='word_1_306' title='bbox 457 4799 571 4854; x_wconf 78' lang='lat' dir='ltr'><strong>William</strong></span> <span class='ocrx_word' id='word_1_307' title='bbox 582 4798 700 4850; x_wconf 75' lang='lat' dir='ltr'><strong>Horrard</strong></span> <span class='ocrx_word' id='word_1_308' title='bbox 1001 4793 1123 4846; x_wconf 82' lang='lat' dir='ltr'><strong>Horrard.</strong></span> 
     </span>
    </p>

    <p class='ocr_par' dir='ltr' id='par_1_12' title="bbox 491 4877 958 4931">
     <span class='ocr_line' id='line_1_40' title="bbox 491 4877 958 4931; baseline -0.009 0"><span class='ocrx_word' id='word_1_309' title='bbox 491 4879 502 4914; x_wconf 77' lang='lat'>⁸</span> <span class='ocrx_word' id='word_1_310' title='bbox 513 4877 677 4931; x_wconf 63' lang='lat' dir='ltr'><strong>Etcum</strong></span> <span class='ocrx_word' id='word_1_311' title='bbox 687 4879 767 4929; x_wconf 81' lang='lat' dir='ltr'><strong>oratio</strong></span> <span class='ocrx_word' id='word_1_312' title='bbox 777 4877 813 4929; x_wconf 84' lang='lat' dir='ltr'><strong>ad</strong></span> <span class='ocrx_word' id='word_1_313' title='bbox 828 4893 885 4929; x_wconf 77' lang='lat' dir='ltr'><strong>suos</strong></span> <span class='ocrx_word' id='word_1_314' title='bbox 895 4891 958 4927; x_wconf 70' lang='lat' dir='ltr'><strong>oon·</strong></span> 
     </span>
    </p>
   </div>
   <div class='ocr_carea' id='block_1_9' title="bbox 0 0 1805 5838">
    <p class='ocr_par' dir='ltr' id='par_1_13' title="bbox 0 0 1805 5838">
     <span class='ocr_line' id='line_1_41' title="bbox 0 0 1805 5838; baseline 0 0"><span class='ocrx_word' id='word_1_315' title='bbox 0 0 1805 5838; x_wconf 95' lang='lat' dir='ltr'><strong> </strong></span> 
     </span>
    </p>
   </div>
  </div>
 </body>
</html>
