3668 5842
511 895 686 944 Jonaunrs
709 895 994 944 ivamuansraon
1016 895 1194 946 areauna.
1315 879 1379 951 307

334 1093 352 1122 “
374 1091 626 1172 conquestantes
648 1087 702 1152 vel
724 1085 976 1173 praetendentes,
991 1086 1098 1173 primo
1121 1087 1382 1152 monstraverint
1394 1095 1462 1152 A.D.
1476 1099 1547 1147 145⁸.

334 1195 353 1224 “
374 1189 547 1254 materiam
562 1211 655 1254 suam
671 1196 705 1254 et
720 1188 1112 1274 conquestum1oonsiliis
1127 1190 1258 1269 nostris,
1275 1194 1310 1254 et
1324 1210 1383 1275 per

336 1297 352 1324 “
375 1291 462 1378 ipsos
485 1291 667 1379 cogitatum
683 1290 737 1372 sit,
752 1295 787 1356 et
801 1290 1051 1370 consideratum,
1068 1291 1155 1377 quod
1170 1291 1258 1356 dicta
1274 1291 1382 1356 ‘Scire

335 1402 353 1430 “
377 1393 533 1474 ‘Facias’
546 1394 616 1460 sive
638 1394 733 1474 actio,
757 1393 820 1458 erit
835 1393 930 1472 faeta,
944 1397 980 1458 et
1001 1393 1134 1459 nomine
1157 1391 1383 1479 nostro2p1o-

336 1503 354 1531 “
376 1501 494 1562 secuta
541 1497 637 1576 Item,
659 1497 819 1575 volumus,
842 1496 1041 1576 ordinamus,
1063 1495 1243 1574 laudamus,
1266 1501 1301 1560 et
1327 1495 1383 1581 ju·
1419 1531 1422 1542 .

337 1604 354 1632 ‘⁶
377 1599 531 1677 dicamus,
555 1600 693 1686 quodsi
716 1599 828 1685 aliqua
850 1599 991 1664 variatio
1017 1599 1114 1664 cadat
1137 1598 1225 1664 inter
1247 1597 1383 1664 consilia

336 1709 353 1734 “
377 1699 548 1765 ambarum
577 1701 723 1787 partium
753 1701 1014 1788 supradictarum
1045 1702 1081 1765 in
1110 1706 1307 1786 conceptura
1328 1699 1382 1763 vel

337 1809 356 1837 “
377 1801 503 1868 factura
518 1803 681 1868 dictarum
695 1803 964 1890 recognitionum,
980 1804 1231 1880 relaxationum,
1254 1802 1383 1888 acquie-

337 1911 354 1938 “
379 1905 569 1998 tanciar'um,
586 1910 646 1970 aut
661 1906 846 1991 aliquarum
869 1905 1007 1970 aliarum
1023 1907 1269 1992 scripturarum,
1285 1924 1384 1989 supra

339 2013 356 2042 “
378 2007 644 2093 specificatarum,
668 2009 755 2094 quod
779 2013 901 2074 extunc
931 2030 1044 2074 omnes
1066 2008 1255 2094 hujusmodi
1277 2007 1384 2072 varia·

338 2109 486 2175 “tiones
524 2111 593 2175 sint
633 2109 862 2177 determinatae
902 2132 960 2196 per
1000 2111 1103 2177 dictos
1142 2116 1271 2176 nostros
1303 2110 1384 2174 duos

337 2217 355 2244 ‘¹
377 2211 542 2299 Capitales
555 2212 770 2294 Justiciarios,
785 2214 843 2298 qui
865 2213 990 2278 habent
1011 2213 1141 2300 plenam
1165 2212 1385 2300 cognitionem

337 2321 354 2349 “
377 2319 499 2382 nostrae
522 2315 717 2381 intentionis
739 2317 775 2381 in
798 2317 859 2382 hac
881 2322 982 2403 parte.
1028 2318 1074 2382 Et
1096 2317 1184 2382 ultra
1206 2318 1274 2395 hoc,
1297 2315 1385 2381 noti·

339 2423 356 2450 “
377 2417 512 2484 ficamus
548 2423 582 2483 et
616 2417 826 2499 declaramus,
849 2419 937 2504 quod
967 2419 1027 2484 ubi
1050 2419 1146 2485 dictae
1176 2424 1286 2506 partes
1316 2418 1385 2484 sint

338 2527 355 2552 “
377 2517 577 2606 8separatim
608 2520 764 2608 obligatae
786 2521 889 2599 nobie,
912 2523 949 2585 in
971 2521 1173 2588 Cancellaria
1203 2525 1326 2600 nostra,
1350 2521 1386 2586 in

341 2622 507 2710 “magnis
546 2623 682 2688 summis
713 2622 755 2688 ad
786 2623 1006 2689 obediendum
1045 2628 1080 2690 et
1117 2624 1385 2710 performandum

339 2729 356 2758 “
380 2723 469 2789 dicta
490 2731 605 2790 nostra
626 2725 811 2803 arbitrium,
828 2725 1078 2804 ordinationem,
1102 2730 1136 2790 et
1154 2726 1326 2811 judicium,
1349 2725 1386 2789 in

341 2833 356 2859 “
379 2825 564 2911 praemissis,
603 2832 701 2913 prout
731 2820 886 2914 apparere
915 2825 1084 2913 ⁴[potest]
1117 2827 1304 2892 evidentius
1329 2848 1387 2914 per

340 2935 358 2959 “
381 2927 502 3008 eadem,
526 2928 678 2994 volumus
709 2936 743 2994 et
765 2928 971 2996 concedimus
1000 2951 1057 3015 per
1089 2933 1272 3015 praesentes,
1296 2929 1387 3014 quod

338 3035 357 3063 “
380 3029 537 3115 quaelibet
561 3031 724 3097 dictarum
740 3032 1000 3118 recognitionum
1025 3036 1059 3096 et
1084 3053 1295 3111 summarum,
1312 3053 1387 3096 con-

341 3138 359 3165 “
382 3136 551 3196 tentanum
573 3134 606 3197 in
639 3132 768 3212 eisdem,
792 3139 826 3198 et
849 3134 1006 3219 quaelibet
1029 3133 1170 3220 parcella
1185 3134 1386 3211 earundem,

340 3239 358 3267 “
381 3237 574 3300 remaneant
600 3236 636 3299 in
666 3257 724 3301 suo
753 3236 888 3322 vigore3
919 3241 954 3302 et
983 3235 1076 3300 nulla
1106 3234 1285 3301 earundem
1315 3258 1387 3323 per·

342 3335 560 3402 “donabitur
591 3359 649 3423 per
679 3359 739 3403 nos
771 3338 882 3422 aliquo
914 3336 1021 3418 modo,
1052 3339 1122 3403 eine
1154 3344 1388 3425 aggreamento

342 3447 358 3472 “
380 3439 492 3524 partis,
509 3445 642 3525 propter
664 3439 756 3524 cujus
777 3440 987 3506 securitatem
1010 3441 1098 3506 dicta
1120 3441 1300 3527 recognitio
1323 3441 1388 3506 fuit

342 3547 359 3572 “
382 3539 477 3618 facta,
500 3561 607 3628 neque
641 3547 720 3606 ante
750 3541 990 3608 forisfacturam
1021 3542 1119 3608 dictae
1146 3542 1388 3628 recognitionis,

343 3649 487 3727 “neque
526 3649 608 3728 post.
664 3643 709 3708 Et
749 3643 777 3708 si
819 3645 941 3730 aliquae
972 3643 1136 3710 dictarum
1176 3667 1388 3721 summarum,

342 3744 437 3808 “vel
468 3744 580 3830 aliqua
603 3745 745 3830 parcella
774 3747 963 3825 earundem,
985 3751 1219 3833 recuperentur
1247 3769 1306 3835 per
1337 3767 1389 3812 ao·

341 3851 360 3880 ‘⁴
383 3845 507 3912 tionem
530 3847 584 3912 vel
607 3845 865 3926 ⁶executionem,
884 3852 1056 3935 ¹acceptam
1085 3848 1140 3914 vel
1162 3845 1389 3933 ‘’prosecutam

343 3952 360 3980 “
383 3948 515 4014 nomine
538 3954 678 4028 nostre,
708 3971 807 4036 super
846 3949 1011 4035 aliquibus
1041 3949 1204 4018 dictarum
1243 3950 1390 4036 recogni-

344 4055 360 4083 “
385 4049 522 4130 tionum,
553 4052 639 4138 quod
671 4051 731 4116 illa
761 4073 846 4139 pars,
877 4053 919 4117 ad
958 4053 1052 4140 cujus
1084 4071 1262 4140 gravamen
1302 4051 1391 4116 dicta

344 4158 498 4218 “nostra
528 4154 703 4219 arbitrium
734 4157 769 4217 et
806 4152 942 4219 laudum
972 4154 1169 4240 contingent
1200 4174 1269 4218 esse
1298 4151 1392 4218 foris·

345 4259 361 4288 “
384 4252 480 4332 facta,
512 4255 649 4321 habebit
679 4255 889 4321 medietatem
922 4255 1069 4321 omnium
1100 4254 1218 4320 talium
1249 4275 1391 4319 summa-

343 4409 492 4420 *-

377 4488 449 4540 ¹For
471 4491 671 4554 “οοπει’1ἰανίίε,”
693 4507 720 4543 us
743 4492 845 4543 Heame
923 4492 1011 4541 ⁵Acta
1033 4493 1092 4540 anni
1111 4492 1205 4556 septimi
1224 4489 1330 4540 Athana
1347 4489 1394 4540 Jo-

342 4571 462 4620 remarks.
891 4571 980 4620 tonan
1005 4569 1341 4635 Octavi.-Superscription
1366 4577 1394 4620 to

379 4646 655 4713 ²prorequutainMS.
893 4649 966 4701 folior
979 4653 1160 4700 laon-lata

377 4726 528 4793 'separatim
539 4727 564 4778 in
577 4727 633 4780 MS.
928 4727 938 4760 ⁶
945 4735 1123 4794 proreqnntom
1133 4729 1160 4780 in
1171 4729 1227 4782 MS.

379 4806 389 4837 ⁴
406 4807 519 4858 Omitted
530 4807 557 4857 in
568 4805 623 4858 MS.

1193 4895 1261 4956 112
