3582 5838
479 919 652 970 scurnum
673 919 959 970 wnmnsnsrmn
981 919 1157 970 securum.
1282 907 1344 970 141

303 1111 321 1137 “
342 1101 389 1190 pii
413 1103 496 1184 sitis,
522 1109 571 1183 ut,
586 1125 668 1192 quos
691 1104 728 1170 in
754 1109 1009 1192 transgressores
1032 1105 1105 1192 pios
1126 1125 1195 1170 esse
1209 1108 1348 1191 oportet,
1361 1109 1430 1162 AB·
1443 1115 1515 1160 ¹⁴⁵4·

303 1206 458 1292 “impios
481 1207 517 1272 in
541 1229 729 1294 egressores,
745 1207 838 1272 nulla
858 1207 894 1271 in
914 1206 1007 1273 vobis
1029 1207 1218 1272 voluntaria
1242 1207 1349 1294 dispo-

303 1316 320 1342 “
343 1308 418 1374 sitio
442 1308 513 1374 sive
536 1309 681 1376 conditio
703 1309 770 1376 fore
790 1309 969 1397 permittat.
1016 1309 1104 1374 Nam
1125 1309 1235 1396 egredi
1256 1316 1349 1396 potc-

304 1410 387 1474 “rit
417 1411 492 1496 quis
519 1411 690 1477 interdum
713 1411 811 1488 licite,
837 1411 1024 1498 transgredi
1053 1432 1131 1476 vero
1159 1411 1349 1477 nullatenus

304 1519 322 1546 “
344 1512 466 1599 absque
490 1512 614 1578 offensa
639 1513 711 1600 Dei,
738 1518 771 1580 et
801 1513 873 1578 voti
897 1511 1162 1600 transgressione.
1205 1513 1250 1576 In
1273 1535 1350 1578 casu

306 1623 421 1681 “vero
448 1615 536 1701 quod
556 1615 599 1681 ad
622 1616 782 1702 pietatem
806 1637 872 1680 non
895 1615 1065 1702 respicitis,
1086 1635 1146 1680 nec
1172 1637 1230 1701 per
1244 1617 1349 1703 legem

305 1724 322 1750 “
344 1716 447 1803 ipsius
464 1718 607 1783 multum
625 1717 695 1805 regi
721 1718 832 1797 vultis,
856 1722 989 1783 moneat
1014 1722 1094 1783 tuno
1117 1739 1177 1782 vos
1203 1717 1300 1796 zelus,
1316 1723 1351 1784 et

306 1827 323 1853 “
345 1825 509 1906 respectus
523 1820 765 1886 commoditatis
780 1820 878 1886 dictae
893 1820 1016 1887 domus.
1061 1819 1234 1886 Promittit
1248 1820 1351 1885 fiater

307 1929 325 1956 “
345 1923 501 2009 praefatns
524 1923 625 2000 varia,
652 1927 687 1989 et
711 1923 795 1988 talia
818 1921 930 2009 qualia
955 1944 1024 1989 non
1048 1928 1098 1988 est
1124 1923 1160 1987 in
1186 1926 1351 2010 potestate

307 2033 324 2059 “
346 2024 484 2111 alicujus
503 2030 651 2092 vestrum
673 2024 790 2102 facere,
805 2030 840 2091 et
866 2025 895 2090 si
921 2029 1015 2102 esset,
1040 2023 1148 2090 adhuc
1169 2023 1279 2090 forsan
1294 2047 1351 2090 ne-

307 2137 325 2163 “
346 2150 511 2215 quaquam
532 2129 634 2195 vellet
651 2151 690 2195 ea
707 2137 905 2217 perpetrare.
953 2128 1166 2195 Indebitatur
1180 2130 1270 2195 locus
1285 2129 1352 2195 dic-

309 2237 325 2264 “
346 2235 401 2296 tus
423 2231 461 2294 in
487 2231 625 2296 summis
648 2231 826 2319 gravibus3
854 2231 1024 2318 promittit
1048 2252 1088 2297 ea
1113 2231 1247 2298 solvere.
1293 2230 1354 2295 Di-

307 2341 326 2368 “
346 2332 509 2399 laceratur
539 2334 639 2399 etiam
668 2332 707 2397 in
731 2334 870 2400 diversis
902 2333 1054 2400 domibus
1066 2358 1075 2415 ;
1101 2334 1271 2420 promittit
1300 2355 1354 2399 eas

308 2443 325 2470 “
346 2457 482 2501 rmnere.
536 2435 787 2523 Depauperatur
817 2437 965 2514 ulterius,
997 2442 1032 2502 et
1062 2436 1270 2524 despoliatur,
1296 2459 1355 2523 per

308 2545 326 2572 “
347 2539 436 2603 viam
460 2538 810 2625 impignorationis,.de
829 2541 956 2604 cunctis
972 2539 1066 2625 quasi
1082 2539 1151 2625 ejus
1172 2538 1335 2625 jocalibus
1345 2563 1354 2620 3

309 2647 326 2676 “
347 2640 514 2726 promittit
540 2663 580 2706 ea
603 2640 801 2722 restituere;
824 2645 859 2705 et
879 2641 969 2706 istud
991 2641 1129 2719 eederet,
1144 2641 1270 2719 fratres,
1284 2641 1355 2707 loco

309 2751 327 2777 “
349 2741 397 2807 illi
412 2741 456 2807 od
474 2748 545 2807 tem
560 2764 714 2829 magnum
732 2746 767 2807 st
781 2742 929 2808 notabile
955 2744 1168 2820 commodum,
1185 2745 1273 2828 quod
1287 2765 1356 2809 mo·

309 2851 327 2879 ‘¹
347 2848 441 2910 veret
458 2844 555 2910 corda
577 2844 679 2909 etiam
699 2843 804 2910 ferrea
822 2843 866 2910 ad
888 2844 977 2910 illius
994 2843 1107 2910 fratris
1126 2846 1353 2932 receptionem.

310 2953 327 2982 “
349 2949 498 3014 Moveret
527 2947 628 3013 etiam
657 2967 718 3012 vos
748 2945 845 3027 zelus,
870 2950 905 3012 et
934 2947 1077 3012 intuitus
1106 2946 1205 3032 hujus
1234 2951 1355 3012 vestrm

310 3058 327 3085 “
348 3049 489 3137 propriae
511 3049 635 3115 domus.
683 3048 770 3130 Quia
788 3054 914 3137 quanta
931 3049 1072 3117 materia
1086 3048 1232 3114 scandali
1246 3054 1281 3114 et
1300 3049 1355 3114 de·

310 3152 471 3219 “decoris
497 3156 682 3218 accreverat
704 3151 800 3218 vobis
823 3157 1007 3237 vestraeque
1030 3150 1181 3230 ecclesiae,
1197 3151 1234 3216 in
1248 3171 1355 3239 egres·

309 3265 327 3290 “
348 3255 439 3322 sione
472 3255 554 3322 dicti
584 3256 706 3333 fratris,
743 3259 840 3320 tanta
876 3260 1069 3320 recresceret
1102 3255 1224 3320 iterum
1260 3253 1356 3320 vobis

308 3367 326 3392 “
347 3358 452 3446 gloria
474 3357 625 3434 nominis,
650 3357 787 3443 lausque
816 3356 913 3423 famae
937 3357 1137 3434 sthennis,
1165 3357 1201 3422 in
1230 3378 1354 3444 regres-

310 3469 327 3494 “
348 3461 438 3526 sione
460 3467 494 3526 et
511 3459 746 3526 readmissione
766 3459 878 3546 ipsius.
925 3459 1012 3540 Quia
1033 3481 1093 3547 pro
1119 3467 1200 3526 tunc
1220 3459 1356 3525 dabitur

310 3573 327 3598 “
348 3562 474 3628 cunctis
497 3562 605 3648 palam
631 3561 824 3650 intelligere,
840 3561 930 3648 quod
944 3583 1012 3627 non
1026 3565 1139 3628 vestra
1164 3561 1230 3627 fuit
1250 3561 1354 3648 culpa,

310 3665 471 3732 “1immo
502 3667 622 3745 verius,
658 3687 727 3744 sue,
761 3666 851 3751 quod
887 3665 965 3752 ipse,
1000 3671 1176 3753 postquam
1220 3687 1355 3731 menum

309 3769 439 3834 “misit
473 3769 517 3834 ad
553 3766 731 3847 ²aratrum,
763 3767 810 3834 sio
842 3767 989 3854 respexit
1021 3773 1118 3846 retro,
1155 3771 1190 3833 et
1225 3767 1356 3834 recessit

310 3877 328 3907 ‘¹
349 3894 370 3936 a
393 3870 645 3959 congregatione
668 3875 788 3936 vestra.
835 3869 986 3941 Moverat
1008 3869 1142 3957 insuper
1164 3869 1265 3935 tertio
1288 3871 1355 3956 pie-

309 3983 328 4009 “
349 3979 410 4052 tas,
433 3979 467 4040 et
489 3973 669 4061 compassio
692 3971 782 4038 illius
812 3971 1028 4058 aegritudinis,
1058 3994 1124 4058 qua
1149 3975 1219 4036 stat
1248 3968 1355 4057 ³prse-

308 4081 507 4162 “occupata
530 4075 618 4141 alma
643 4079 749 4140 mater
773 4078 894 4152 vestra,
912 4095 987 4139 cum
1011 4071 1164 4138 omnibus
1188 4073 1266 4137 filiis
1281 4072 1354 4138 suis

310 4185 329 4212 “
349 4177 443 4266 AEgri
467 4177 556 4255 estis,
580 4176 708 4254 fratres,
724 4197 846 4252 omnes,
862 4179 896 4241 et
920 4175 981 4242 hoc
1006 4173 1277 4262 periculosissimo
1300 4195 1355 4260 ge·

311 4288 329 4314 ‘¹
350 4301 427 4382 nere
457 4279 672 4366 agritudinis,
700 4277 781 4364 quia
810 4278 916 4372 ipsam
946 4287 1091 4342 vestram
1121 4275 1354 4363 aegritudinem

310 4389 327 4416 ‘¹
349 4402 414 4446 non
449 4381 628 4467 concipitis.
687 4379 856 4457 Patimini,
885 4377 1010 4456 fratres,
1033 4378 1157 4444 febrem
1180 4375 1355 4455 ⁴ethicum,

309 4492 327 4518 “
349 4483 481 4566 febrem,
515 4483 677 4561 videlicet,
703 4482 961 4570 consumptionis
995 4481 1031 4546 in
1072 4501 1205 4567 corpore
1242 4484 1355 4545 vestro

344 4762 352 4796 ¹
361 4761 519 4828 minus,
889 4759 900 4793 ³
907 4765 1067 4826 praecipato
1077 4757 1105 4808 in
1116 4757 1173 4811 MS.

342 4841 396 4893 ’In
407 4841 516 4894 allusion
526 4849 554 4893 to
563 4839 634 4893 Lare
644 4839 681 4892 ir.
693 4845 733 4891 62.
890 4839 899 4868 ⁴
911 4839 1012 4890 Henna
1023 4843 1139 4904 suggests
1152 4835 1316 4889 “labrom”
