<?xml version="1.0" encoding="UTF-8"?>
<!DOCTYPE html PUBLIC "-//W3C//DTD XHTML 1.0 Transitional//EN"
    "http://www.w3.org/TR/xhtml1/DTD/xhtml1-transitional.dtd">
<html xmlns="http://www.w3.org/1999/xhtml" xml:lang="en" lang="en">
 <head>
  <title>
</title>
<meta http-equiv="Content-Type" content="text/html;charset=utf-8" />
  <meta name='ocr-system' content='tesseract 3.04.00' />
  <meta name='ocr-capabilities' content='ocr_page ocr_carea ocr_par ocr_line ocrx_word'/>
</head>
<body>
  <div class='ocr_page' id='page_1' title='image "./registraquorund00wallgoog_0344.png"; bbox 0 0 3668 5842; ppageno 0'>
   <div class='ocr_carea' id='block_1_1' title="bbox 463 854 1175 918">
    <p class='ocr_par' dir='ltr' id='par_1_1' title="bbox 463 854 1175 918">
     <span class='ocr_line' id='line_1_1' title="bbox 463 854 1175 918; baseline 0 -2"><span class='ocrx_word' id='word_1_1' title='bbox 463 854 527 918; x_wconf 80' lang='lat'><strong>286</strong></span> <span class='ocrx_word' id='word_1_2' title='bbox 798 866 995 918; x_wconf 72' lang='lat' dir='ltr'><strong>annaneane</strong></span> <span class='ocrx_word' id='word_1_3' title='bbox 1017 865 1175 917; x_wconf 69' lang='lat' dir='ltr'><strong>sesama</strong></span> 
     </span>
    </p>
   </div>
   <div class='ocr_carea' id='block_1_2' title="bbox 292 1051 1509 2866">
    <p class='ocr_par' dir='ltr' id='par_1_2' title="bbox 292 1051 1509 1653">
     <span class='ocr_line' id='line_1_2' title="bbox 292 1051 1509 1141; baseline -0.005 -17"><span class='ocrx_word' id='word_1_4' title='bbox 292 1073 360 1125; x_wconf 66' lang='lat' dir='ltr'><strong>en.</strong></span> <span class='ocrx_word' id='word_1_5' title='bbox 375 1073 447 1126; x_wconf 75' lang='lat'><strong>1⁴5⁷.</strong></span> <span class='ocrx_word' id='word_1_6' title='bbox 508 1061 525 1090; x_wconf 93' lang='lat'><strong>“</strong></span> <span class='ocrx_word' id='word_1_7' title='bbox 540 1055 636 1136; x_wconf 84' lang='lat' dir='ltr'><strong>Item,</strong></span> <span class='ocrx_word' id='word_1_8' title='bbox 658 1055 747 1141; x_wconf 84' lang='lat' dir='ltr'><strong>qued</strong></span> <span class='ocrx_word' id='word_1_9' title='bbox 777 1077 844 1122; x_wconf 88' lang='lat' dir='ltr'><strong>non</strong></span> <span class='ocrx_word' id='word_1_10' title='bbox 875 1061 927 1124; x_wconf 90' lang='lat' dir='ltr'><strong>est</strong></span> <span class='ocrx_word' id='word_1_11' title='bbox 952 1057 993 1124; x_wconf 89' lang='lat' dir='ltr'><strong>de</strong></span> <span class='ocrx_word' id='word_1_12' title='bbox 1022 1054 1216 1124; x_wconf 65' lang='lat' dir='ltr'><strong>necessitate</strong></span> <span class='ocrx_word' id='word_1_13' title='bbox 1239 1054 1357 1121; x_wconf 85' lang='lat' dir='ltr'><strong>salutis</strong></span> <span class='ocrx_word' id='word_1_14' title='bbox 1379 1051 1509 1120; x_wconf 80' lang='lat' dir='ltr'><strong>credere</strong></span> 
     </span>
     <span class='ocr_line' id='line_1_3' title="bbox 460 1157 1151 1226; baseline 0.004 -3"><span class='ocrx_word' id='word_1_15' title='bbox 460 1157 536 1223; x_wconf 90' lang='lat' dir='ltr'><strong>“in</strong></span> <span class='ocrx_word' id='word_1_16' title='bbox 559 1157 716 1224; x_wconf 75' lang='lat' dir='ltr'><strong>Sanctam</strong></span> <span class='ocrx_word' id='word_1_17' title='bbox 739 1159 917 1226; x_wconf 85' lang='lat' dir='ltr'><strong>Ecclesiam</strong></span> <span class='ocrx_word' id='word_1_18' title='bbox 940 1158 1151 1226; x_wconf 81' lang='lat' dir='ltr'><strong>Catholieam.</strong></span> 
     </span>
     <span class='ocr_line' id='line_1_4' title="bbox 505 1255 1509 1346; baseline -0.002 -22"><span class='ocrx_word' id='word_1_19' title='bbox 505 1264 525 1296; x_wconf 77' lang='lat'><strong>‘¹</strong></span> <span class='ocrx_word' id='word_1_20' title='bbox 540 1259 635 1338; x_wconf 87' lang='lat' dir='ltr'><strong>Item,</strong></span> <span class='ocrx_word' id='word_1_21' title='bbox 657 1259 745 1346; x_wconf 89' lang='lat' dir='ltr'>quod</span> <span class='ocrx_word' id='word_1_22' title='bbox 775 1281 841 1326; x_wconf 89' lang='lat' dir='ltr'><strong>non</strong></span> <span class='ocrx_word' id='word_1_23' title='bbox 871 1265 923 1327; x_wconf 86' lang='lat' dir='ltr'><strong>est</strong></span> <span class='ocrx_word' id='word_1_24' title='bbox 953 1261 995 1328; x_wconf 86' lang='lat' dir='ltr'><strong>(le</strong></span> <span class='ocrx_word' id='word_1_25' title='bbox 1017 1260 1213 1328; x_wconf 85' lang='lat' dir='ltr'><strong>necessitate</strong></span> <span class='ocrx_word' id='word_1_26' title='bbox 1235 1258 1352 1326; x_wconf 86' lang='lat' dir='ltr'><strong>salutis</strong></span> <span class='ocrx_word' id='word_1_27' title='bbox 1378 1255 1509 1326; x_wconf 83' lang='lat' dir='ltr'><strong>credere</strong></span> 
     </span>
     <span class='ocr_line' id='line_1_5' title="bbox 460 1360 1060 1430; baseline 0.005 -3"><span class='ocrx_word' id='word_1_28' title='bbox 460 1369 477 1396; x_wconf 89' lang='lat'><strong>“</strong></span> <span class='ocrx_word' id='word_1_29' title='bbox 499 1361 535 1427; x_wconf 90' lang='lat' dir='ltr'><strong>in</strong></span> <span class='ocrx_word' id='word_1_30' title='bbox 557 1362 754 1428; x_wconf 87' lang='lat' dir='ltr'><strong>Sanctorum</strong></span> <span class='ocrx_word' id='word_1_31' title='bbox 778 1360 1060 1430; x_wconf 83' lang='lat' dir='ltr'><strong>Communionem.</strong></span> 
     </span>
     <span class='ocr_line' id='line_1_6' title="bbox 505 1461 1507 1554; baseline -0.002 -25"><span class='ocrx_word' id='word_1_32' title='bbox 505 1470 523 1499; x_wconf 89' lang='lat'>“</span> <span class='ocrx_word' id='word_1_33' title='bbox 538 1463 635 1542; x_wconf 88' lang='lat' dir='ltr'><strong>Item,</strong></span> <span class='ocrx_word' id='word_1_34' title='bbox 657 1464 745 1551; x_wconf 91' lang='lat' dir='ltr'><strong>quod</strong></span> <span class='ocrx_word' id='word_1_35' title='bbox 767 1464 912 1532; x_wconf 76' lang='lat' dir='ltr'><strong>Ecclesia</strong></span> <span class='ocrx_word' id='word_1_36' title='bbox 944 1463 1153 1534; x_wconf 85' lang='lat' dir='ltr'><strong>Universalis</strong></span> <span class='ocrx_word' id='word_1_37' title='bbox 1185 1468 1296 1554; x_wconf 89' lang='lat' dir='ltr'><strong>potest</strong></span> <span class='ocrx_word' id='word_1_38' title='bbox 1329 1483 1438 1530; x_wconf 83' lang='lat' dir='ltr'><strong>errare</strong></span> <span class='ocrx_word' id='word_1_39' title='bbox 1471 1461 1507 1526; x_wconf 91' lang='lat' dir='ltr'><strong>in</strong></span> 
     </span>
     <span class='ocr_line' id='line_1_7' title="bbox 462 1566 874 1653; baseline 0.002 -21"><span class='ocrx_word' id='word_1_40' title='bbox 462 1573 479 1602; x_wconf 89' lang='lat'><strong>“</strong></span> <span class='ocrx_word' id='word_1_41' title='bbox 500 1566 566 1632; x_wconf 89' lang='lat' dir='ltr'><strong>hiis</strong></span> <span class='ocrx_word' id='word_1_42' title='bbox 588 1589 663 1653; x_wconf 88' lang='lat' dir='ltr'><strong>quae</strong></span> <span class='ocrx_word' id='word_1_43' title='bbox 686 1571 765 1633; x_wconf 89' lang='lat' dir='ltr'><strong>sunt</strong></span> <span class='ocrx_word' id='word_1_44' title='bbox 786 1566 874 1634; x_wconf 90' lang='lat' dir='ltr'><strong>fidei.</strong></span> 
     </span>
    </p>

    <p class='ocr_par' dir='ltr' id='par_1_3' title="bbox 444 1659 1509 2555">
     <span class='ocr_line' id='line_1_8' title="bbox 444 1659 1509 1756; baseline -0.001 -23"><span class='ocrx_word' id='word_1_45' title='bbox 444 1659 447 1668; x_wconf 76' lang='grc'><strong>’</strong></span> <span class='ocrx_word' id='word_1_46' title='bbox 504 1677 521 1704; x_wconf 86' lang='grc'><strong>“</strong></span> <span class='ocrx_word' id='word_1_47' title='bbox 537 1669 632 1750; x_wconf 88' lang='lat' dir='ltr'><strong>Item,</strong></span> <span class='ocrx_word' id='word_1_48' title='bbox 656 1669 742 1756; x_wconf 90' lang='lat' dir='ltr'><strong>quod</strong></span> <span class='ocrx_word' id='word_1_49' title='bbox 766 1691 834 1735; x_wconf 89' lang='lat' dir='ltr'><strong>non</strong></span> <span class='ocrx_word' id='word_1_50' title='bbox 859 1674 911 1736; x_wconf 88' lang='lat' dir='ltr'><strong>est</strong></span> <span class='ocrx_word' id='word_1_51' title='bbox 941 1669 982 1736; x_wconf 93' lang='lat' dir='ltr'><strong>de</strong></span> <span class='ocrx_word' id='word_1_52' title='bbox 1007 1671 1202 1737; x_wconf 67' lang='lat' dir='ltr'><strong>accessisses</strong></span> <span class='ocrx_word' id='word_1_53' title='bbox 1232 1668 1349 1736; x_wconf 84' lang='lat' dir='ltr'><strong>salutis</strong></span> <span class='ocrx_word' id='word_1_54' title='bbox 1379 1667 1509 1734; x_wconf 75' lang='lat' dir='ltr'><strong>eaedem</strong></span> 
     </span>
     <span class='ocr_line' id='line_1_9' title="bbox 461 1771 1509 1860; baseline -0.001 -25"><span class='ocrx_word' id='word_1_55' title='bbox 461 1777 479 1806; x_wconf 79' lang='lat'><strong>‘¹</strong></span> <span class='ocrx_word' id='word_1_56' title='bbox 502 1776 536 1836; x_wconf 87' lang='lat' dir='ltr'><strong>et</strong></span> <span class='ocrx_word' id='word_1_57' title='bbox 567 1775 687 1852; x_wconf 74' lang='lat' dir='ltr'><strong>lenem,</strong></span> <span class='ocrx_word' id='word_1_58' title='bbox 716 1771 804 1858; x_wconf 86' lang='lat' dir='ltr'>quod</span> <span class='ocrx_word' id='word_1_59' title='bbox 827 1772 912 1838; x_wconf 86' lang='lat' dir='ltr'><strong>illud</strong></span> <span class='ocrx_word' id='word_1_60' title='bbox 941 1771 1029 1860; x_wconf 86' lang='lat' dir='ltr'><strong>quod</strong></span> <span class='ocrx_word' id='word_1_61' title='bbox 1060 1772 1244 1839; x_wconf 76' lang='lat' dir='ltr'><strong>Consilium</strong></span> <span class='ocrx_word' id='word_1_62' title='bbox 1275 1771 1445 1849; x_wconf 81' lang='lat' dir='ltr'><strong>Genernlc,</strong></span> <span class='ocrx_word' id='word_1_63' title='bbox 1474 1774 1509 1835; x_wconf 90' lang='lat' dir='ltr'><strong>et</strong></span> 
     </span>
     <span class='ocr_line' id='line_1_10' title="bbox 460 1872 1507 1963; baseline -0.004 -24"><span class='ocrx_word' id='word_1_64' title='bbox 460 1881 476 1908; x_wconf 90' lang='lat'><strong>“</strong></span> <span class='ocrx_word' id='word_1_65' title='bbox 500 1872 706 1940; x_wconf 83' lang='lat' dir='ltr'><strong>Universalis</strong></span> <span class='ocrx_word' id='word_1_66' title='bbox 722 1873 876 1954; x_wconf 81' lang='lat' dir='ltr'><strong>Ecclesia,</strong></span> <span class='ocrx_word' id='word_1_67' title='bbox 892 1875 1022 1953; x_wconf 87' lang='lat' dir='ltr'><strong>statuit,</strong></span> <span class='ocrx_word' id='word_1_68' title='bbox 1037 1874 1207 1963; x_wconf 87' lang='lat' dir='ltr'><strong>approbat,</strong></span> <span class='ocrx_word' id='word_1_69' title='bbox 1224 1895 1282 1940; x_wconf 89' lang='lat' dir='ltr'><strong>seu</strong></span> <span class='ocrx_word' id='word_1_70' title='bbox 1298 1872 1507 1952; x_wconf 70' lang='lat' dir='ltr'><strong>determinat,</strong></span> 
     </span>
     <span class='ocr_line' id='line_1_11' title="bbox 462 1973 1508 2055; baseline -0.002 -15"><span class='ocrx_word' id='word_1_71' title='bbox 462 1982 478 2009; x_wconf 91' lang='lat'>“</span> <span class='ocrx_word' id='word_1_72' title='bbox 500 1973 536 2040; x_wconf 90' lang='lat' dir='ltr'><strong>in</strong></span> <span class='ocrx_word' id='word_1_73' title='bbox 566 1974 711 2042; x_wconf 85' lang='lat' dir='ltr'><strong>faverem</strong></span> <span class='ocrx_word' id='word_1_74' title='bbox 742 1976 830 2054; x_wconf 91' lang='lat' dir='ltr'><strong>fidei,</strong></span> <span class='ocrx_word' id='word_1_75' title='bbox 856 1981 891 2043; x_wconf 89' lang='lat' dir='ltr'><strong>et</strong></span> <span class='ocrx_word' id='word_1_76' title='bbox 921 1977 964 2042; x_wconf 86' lang='lat' dir='ltr'><strong>ad</strong></span> <span class='ocrx_word' id='word_1_77' title='bbox 996 1977 1136 2043; x_wconf 85' lang='lat' dir='ltr'><strong>salutem</strong></span> <span class='ocrx_word' id='word_1_78' title='bbox 1167 1975 1361 2055; x_wconf 86' lang='lat' dir='ltr'><strong>animarum,</strong></span> <span class='ocrx_word' id='word_1_79' title='bbox 1390 1974 1436 2040; x_wconf 91' lang='lat' dir='ltr'><strong>sit</strong></span> <span class='ocrx_word' id='word_1_80' title='bbox 1465 1973 1508 2038; x_wconf 88' lang='lat' dir='ltr'><strong>ab</strong></span> 
     </span>
     <span class='ocr_line' id='line_1_12' title="bbox 460 2077 1508 2166; baseline 0 -24"><span class='ocrx_word' id='word_1_81' title='bbox 460 2077 663 2144; x_wconf 86' lang='lat' dir='ltr'><strong>“universis</strong></span> <span class='ocrx_word' id='word_1_82' title='bbox 695 2079 821 2144; x_wconf 83' lang='lat' dir='ltr'><strong>Christi</strong></span> <span class='ocrx_word' id='word_1_83' title='bbox 852 2079 1007 2145; x_wconf 86' lang='lat' dir='ltr'><strong>fidelibus</strong></span> <span class='ocrx_word' id='word_1_84' title='bbox 1040 2077 1291 2166; x_wconf 81' lang='lat' dir='ltr'><strong>approbandum</strong></span> <span class='ocrx_word' id='word_1_85' title='bbox 1325 2082 1361 2143; x_wconf 93' lang='lat' dir='ltr'><strong>et</strong></span> <span class='ocrx_word' id='word_1_86' title='bbox 1393 2082 1508 2142; x_wconf 87' lang='lat' dir='ltr'><strong>tenen·</strong></span> 
     </span>
     <span class='ocr_line' id='line_1_13' title="bbox 459 2179 1508 2267; baseline -0.002 -23"><span class='ocrx_word' id='word_1_87' title='bbox 459 2184 478 2215; x_wconf 92' lang='lat'>“</span> <span class='ocrx_word' id='word_1_88' title='bbox 501 2179 588 2245; x_wconf 87' lang='lat' dir='ltr'><strong>dum.</strong></span> <span class='ocrx_word' id='word_1_89' title='bbox 634 2180 680 2245; x_wconf 82' lang='lat' dir='ltr'><strong>Et</strong></span> <span class='ocrx_word' id='word_1_90' title='bbox 695 2180 785 2267; x_wconf 89' lang='lat' dir='ltr'><strong>quod</strong></span> <span class='ocrx_word' id='word_1_91' title='bbox 806 2179 968 2267; x_wconf 88' lang='lat' dir='ltr'><strong>reprobet,</strong></span> <span class='ocrx_word' id='word_1_92' title='bbox 985 2180 1193 2260; x_wconf 84' lang='lat' dir='ltr'><strong>detenninat,</strong></span> <span class='ocrx_word' id='word_1_93' title='bbox 1208 2202 1265 2246; x_wconf 89' lang='lat' dir='ltr'><strong>seu</strong></span> <span class='ocrx_word' id='word_1_94' title='bbox 1281 2179 1508 2256; x_wconf 87' lang='lat' dir='ltr'><strong>¹condemnat,</strong></span> 
     </span>
     <span class='ocr_line' id='line_1_14' title="bbox 459 2281 1505 2362; baseline 0 -16"><span class='ocrx_word' id='word_1_95' title='bbox 459 2285 479 2316; x_wconf 90' lang='lat'><strong>“</strong></span> <span class='ocrx_word' id='word_1_96' title='bbox 501 2303 570 2347; x_wconf 86' lang='lat' dir='ltr'><strong>esse</strong></span> <span class='ocrx_word' id='word_1_97' title='bbox 601 2281 679 2348; x_wconf 89' lang='lat' dir='ltr'><strong>fidei</strong></span> <span class='ocrx_word' id='word_1_98' title='bbox 710 2282 889 2349; x_wconf 82' lang='lat' dir='ltr'><strong>Catholicae</strong></span> <span class='ocrx_word' id='word_1_99' title='bbox 918 2284 973 2348; x_wconf 90' lang='lat' dir='ltr'><strong>vel</strong></span> <span class='ocrx_word' id='word_1_100' title='bbox 1001 2283 1098 2350; x_wconf 85' lang='lat' dir='ltr'><strong>bonis</strong></span> <span class='ocrx_word' id='word_1_101' title='bbox 1123 2283 1272 2350; x_wconf 86' lang='lat' dir='ltr'><strong>moribus</strong></span> <span class='ocrx_word' id='word_1_102' title='bbox 1293 2281 1505 2362; x_wconf 86' lang='lat' dir='ltr'><strong>contrarium,</strong></span> 
     </span>
     <span class='ocr_line' id='line_1_15' title="bbox 460 2383 1509 2474; baseline 0 -25"><span class='ocrx_word' id='word_1_103' title='bbox 460 2389 480 2419; x_wconf 89' lang='lat'><strong>“</strong></span> <span class='ocrx_word' id='word_1_104' title='bbox 502 2384 548 2450; x_wconf 90' lang='lat' dir='ltr'><strong>sit</strong></span> <span class='ocrx_word' id='word_1_105' title='bbox 577 2383 620 2449; x_wconf 85' lang='lat' dir='ltr'><strong>ab</strong></span> <span class='ocrx_word' id='word_1_106' title='bbox 655 2385 777 2452; x_wconf 88' lang='lat' dir='ltr'><strong>eisdem</strong></span> <span class='ocrx_word' id='word_1_107' title='bbox 808 2407 868 2473; x_wconf 87' lang='lat' dir='ltr'><strong>pro</strong></span> <span class='ocrx_word' id='word_1_108' title='bbox 897 2386 1074 2474; x_wconf 85' lang='lat' dir='ltr'><strong>reprobate</strong></span> <span class='ocrx_word' id='word_1_109' title='bbox 1104 2391 1140 2452; x_wconf 92' lang='lat' dir='ltr'><strong>et</strong></span> <span class='ocrx_word' id='word_1_110' title='bbox 1169 2383 1410 2453; x_wconf 80' lang='lat' dir='ltr'><strong>¹condemnate</strong></span> <span class='ocrx_word' id='word_1_111' title='bbox 1440 2403 1509 2449; x_wconf 87' lang='lat' dir='ltr'><strong>esse</strong></span> 
     </span>
     <span class='ocr_line' id='line_1_16' title="bbox 461 2486 973 2555; baseline 0.008 -4"><span class='ocrx_word' id='word_1_112' title='bbox 461 2491 480 2522; x_wconf 88' lang='lat'><strong>“</strong></span> <span class='ocrx_word' id='word_1_113' title='bbox 503 2486 702 2552; x_wconf 85' lang='lat' dir='ltr'><strong>credendum</strong></span> <span class='ocrx_word' id='word_1_114' title='bbox 725 2493 760 2554; x_wconf 89' lang='lat' dir='ltr'><strong>et</strong></span> <span class='ocrx_word' id='word_1_115' title='bbox 782 2489 973 2555; x_wconf 87' lang='lat' dir='ltr'><strong>tenendum.</strong></span> 
     </span>
    </p>

    <p class='ocr_par' dir='ltr' id='par_1_4' title="bbox 460 2587 1508 2866">
     <span class='ocr_line' id='line_1_17' title="bbox 505 2587 1508 2678; baseline 0.002 -25"><span class='ocrx_word' id='word_1_116' title='bbox 505 2595 522 2623; x_wconf 90' lang='lat'><strong>“</strong></span> <span class='ocrx_word' id='word_1_117' title='bbox 536 2587 652 2668; x_wconf 62' lang='lat' dir='ltr'><strong>”Item</strong></span> <span class='ocrx_word' id='word_1_118' title='bbox 676 2589 759 2656; x_wconf 89' lang='lat' dir='ltr'><strong>bene</strong></span> <span class='ocrx_word' id='word_1_119' title='bbox 794 2590 907 2657; x_wconf 87' lang='lat' dir='ltr'><strong>licebit</strong></span> <span class='ocrx_word' id='word_1_120' title='bbox 935 2589 1113 2677; x_wconf 86' lang='lat' dir='ltr'><strong>unicuique</strong></span> <span class='ocrx_word' id='word_1_121' title='bbox 1143 2589 1349 2678; x_wconf 83' lang='lat' dir='ltr'><strong>Scripturam</strong></span> <span class='ocrx_word' id='word_1_122' title='bbox 1375 2589 1508 2656; x_wconf 78' lang='lat' dir='ltr'><strong>Sacram</strong></span> 
     </span>
     <span class='ocr_line' id='line_1_18' title="bbox 460 2689 1508 2782; baseline 0.001 -27"><span class='ocrx_word' id='word_1_123' title='bbox 460 2699 476 2726; x_wconf 91' lang='lat'>“</span> <span class='ocrx_word' id='word_1_124' title='bbox 498 2689 535 2756; x_wconf 89' lang='lat' dir='ltr'><strong>in</strong></span> <span class='ocrx_word' id='word_1_125' title='bbox 557 2713 655 2757; x_wconf 86' lang='lat' dir='ltr'><strong>sensu</strong></span> <span class='ocrx_word' id='word_1_126' title='bbox 677 2692 828 2758; x_wconf 84' lang='lat' dir='ltr'><strong>litterato</strong></span> <span class='ocrx_word' id='word_1_127' title='bbox 850 2692 1043 2782; x_wconf 85' lang='lat' dir='ltr'><strong>intelligere,</strong></span> <span class='ocrx_word' id='word_1_128' title='bbox 1065 2715 1126 2760; x_wconf 88' lang='lat' dir='ltr'><strong>nec</strong></span> <span class='ocrx_word' id='word_1_129' title='bbox 1155 2697 1290 2759; x_wconf 87' lang='lat' dir='ltr'><strong>tenetur</strong></span> <span class='ocrx_word' id='word_1_130' title='bbox 1318 2690 1439 2778; x_wconf 86' lang='lat' dir='ltr'><strong>aliquis</strong></span> <span class='ocrx_word' id='word_1_131' title='bbox 1467 2689 1508 2756; x_wconf 87' lang='lat' dir='ltr'><strong>de</strong></span> 
     </span>
     <span class='ocr_line' id='line_1_19' title="bbox 460 2793 1417 2866; baseline 0.004 -8"><span class='ocrx_word' id='word_1_132' title='bbox 460 2801 478 2827; x_wconf 91' lang='lat'><em>“</em></span> <span class='ocrx_word' id='word_1_133' title='bbox 501 2794 698 2862; x_wconf 82' lang='lat' dir='ltr'><strong>necessitate</strong></span> <span class='ocrx_word' id='word_1_134' title='bbox 720 2795 838 2863; x_wconf 87' lang='lat' dir='ltr'><strong>salutis</strong></span> <span class='ocrx_word' id='word_1_135' title='bbox 860 2795 958 2866; x_wconf 87' lang='lat' dir='ltr'><strong>elicui</strong></span> <span class='ocrx_word' id='word_1_136' title='bbox 980 2796 1076 2863; x_wconf 86' lang='lat' dir='ltr'><strong>alteri</strong></span> <span class='ocrx_word' id='word_1_137' title='bbox 1099 2795 1209 2863; x_wconf 79' lang='lat' dir='ltr'><strong>sennfi</strong></span> <span class='ocrx_word' id='word_1_138' title='bbox 1230 2793 1417 2862; x_wconf 55' lang='lat' dir='ltr'><strong>mearam?</strong></span> 
     </span>
    </p>
   </div>
   <div class='ocr_carea' id='block_1_3' title="bbox 795 3183 1176 3272">
    <p class='ocr_par' dir='ltr' id='par_1_5' title="bbox 795 3183 1176 3272">
     <span class='ocr_line' id='line_1_20' title="bbox 795 3183 1176 3272; baseline 0 -20"><span class='ocrx_word' id='word_1_139' title='bbox 795 3183 902 3252; x_wconf 72' lang='lat' dir='ltr'><strong>Tenon</strong></span> <span class='ocrx_word' id='word_1_140' title='bbox 924 3184 1176 3272; x_wconf 71' lang='lat' dir='ltr'><strong>Abjaeattoae&#39;a</strong></span> 
     </span>
    </p>
   </div>
   <div class='ocr_carea' id='block_1_4' title="bbox 459 3361 1511 4373">
    <p class='ocr_par' dir='ltr' id='par_1_6' title="bbox 504 3361 1508 3452">
     <span class='ocr_line' id='line_1_21' title="bbox 504 3361 1508 3452; baseline 0.002 -25"><span class='ocrx_word' id='word_1_141' title='bbox 504 3368 522 3398; x_wconf 84' lang='lat'>“</span> <span class='ocrx_word' id='word_1_142' title='bbox 544 3361 677 3442; x_wconf 79' lang='lat' dir='ltr'><strong>⁴Quare</strong></span> <span class='ocrx_word' id='word_1_143' title='bbox 693 3384 760 3450; x_wconf 86' lang='lat' dir='ltr'><strong>ego,</strong></span> <span class='ocrx_word' id='word_1_144' title='bbox 776 3363 875 3430; x_wconf 86' lang='lat' dir='ltr'><strong>miser</strong></span> <span class='ocrx_word' id='word_1_145' title='bbox 888 3368 1047 3452; x_wconf 85' lang='lat' dir='ltr'><strong>peccator,</strong></span> <span class='ocrx_word' id='word_1_146' title='bbox 1062 3365 1120 3450; x_wconf 91' lang='lat' dir='ltr'><strong>qui</strong></span> <span class='ocrx_word' id='word_1_147' title='bbox 1135 3364 1231 3452; x_wconf 80' lang='lat' dir='ltr'><strong>longe</strong></span> <span class='ocrx_word' id='word_1_148' title='bbox 1249 3369 1328 3430; x_wconf 86' lang='lat' dir='ltr'><strong>ante</strong></span> <span class='ocrx_word' id='word_1_149' title='bbox 1342 3363 1413 3430; x_wconf 75' lang='lat' dir='ltr'><strong>haec</strong></span> <span class='ocrx_word' id='word_1_150' title='bbox 1423 3366 1508 3429; x_wconf 89' lang='lat' dir='ltr'><strong>tem·</strong></span> 
     </span>
    </p>

    <p class='ocr_par' dir='ltr' id='par_1_7' title="bbox 459 3463 1511 4373">
     <span class='ocr_line' id='line_1_22' title="bbox 502 3463 1508 3552; baseline 0.003 -24"><span class='ocrx_word' id='word_1_151' title='bbox 502 3463 803 3550; x_wconf 78' lang='lat' dir='ltr'><strong>pora⁵ambu1am</strong></span> <span class='ocrx_word' id='word_1_152' title='bbox 832 3467 869 3531; x_wconf 92' lang='lat' dir='ltr'><strong>in</strong></span> <span class='ocrx_word' id='word_1_153' title='bbox 901 3465 1054 3546; x_wconf 86' lang='lat' dir='ltr'><strong>tenebris,</strong></span> <span class='ocrx_word' id='word_1_154' title='bbox 1077 3466 1136 3532; x_wconf 91' lang='lat' dir='ltr'><strong>sed</strong></span> <span class='ocrx_word' id='word_1_155' title='bbox 1166 3465 1272 3543; x_wconf 90' lang='lat' dir='ltr'><strong>modo,</strong></span> <span class='ocrx_word' id='word_1_156' title='bbox 1295 3487 1354 3552; x_wconf 90' lang='lat' dir='ltr'><strong>per</strong></span> <span class='ocrx_word' id='word_1_157' title='bbox 1383 3464 1508 3531; x_wconf 87' lang='lat' dir='ltr'><strong>miseri-</strong></span> 
     </span>
     <span class='ocr_line' id='line_1_23' title="bbox 462 3565 1509 3649; baseline 0.003 -18"><span class='ocrx_word' id='word_1_158' title='bbox 462 3565 645 3632; x_wconf 87' lang='lat' dir='ltr'><strong>“cordiam</strong></span> <span class='ocrx_word' id='word_1_159' title='bbox 674 3571 709 3631; x_wconf 88' lang='lat' dir='ltr'><strong>et</strong></span> <span class='ocrx_word' id='word_1_160' title='bbox 739 3567 906 3633; x_wconf 84' lang='lat' dir='ltr'><strong>infinitam</strong></span> <span class='ocrx_word' id='word_1_161' title='bbox 936 3569 1001 3634; x_wconf 93' lang='lat' dir='ltr'><strong>Dei</strong></span> <span class='ocrx_word' id='word_1_162' title='bbox 1026 3567 1221 3649; x_wconf 88' lang='lat' dir='ltr'><strong>bonitatem,</strong></span> <span class='ocrx_word' id='word_1_163' title='bbox 1252 3589 1325 3634; x_wconf 87' lang='lat' dir='ltr'><strong>snm</strong></span> <span class='ocrx_word' id='word_1_164' title='bbox 1354 3567 1509 3634; x_wconf 84' lang='lat' dir='ltr'><strong>reductus</strong></span> 
     </span>
     <span class='ocr_line' id='line_1_24' title="bbox 462 3667 1509 3750; baseline 0.005 -20"><span class='ocrx_word' id='word_1_165' title='bbox 462 3672 479 3702; x_wconf 78' lang='lat'><strong>‘⁶</strong></span> <span class='ocrx_word' id='word_1_166' title='bbox 501 3667 538 3730; x_wconf 92' lang='lat' dir='ltr'><strong>in</strong></span> <span class='ocrx_word' id='word_1_167' title='bbox 560 3667 650 3732; x_wconf 87' lang='lat' dir='ltr'><strong>viam</strong></span> <span class='ocrx_word' id='word_1_168' title='bbox 672 3672 806 3750; x_wconf 72' lang='lat' dir='ltr'><strong>metam,</strong></span> <span class='ocrx_word' id='word_1_169' title='bbox 829 3675 863 3735; x_wconf 91' lang='lat' dir='ltr'><strong>et</strong></span> <span class='ocrx_word' id='word_1_170' title='bbox 888 3669 925 3732; x_wconf 91' lang='lat' dir='ltr'><strong>in</strong></span> <span class='ocrx_word' id='word_1_171' title='bbox 951 3669 1056 3736; x_wconf 85' lang='lat' dir='ltr'><strong>lucem</strong></span> <span class='ocrx_word' id='word_1_172' title='bbox 1083 3669 1243 3748; x_wconf 58' lang='lat' dir='ltr'><strong>vastatis,</strong></span> <span class='ocrx_word' id='word_1_173' title='bbox 1276 3669 1509 3736; x_wconf 87' lang='lat' dir='ltr'><strong>considerando</strong></span> 
     </span>
     <span class='ocr_line' id='line_1_25' title="bbox 462 3769 1510 3859; baseline 0.005 -26"><span class='ocrx_word' id='word_1_174' title='bbox 462 3774 478 3801; x_wconf 90' lang='lat'><strong>“</strong></span> <span class='ocrx_word' id='word_1_175' title='bbox 501 3769 661 3855; x_wconf 84' lang='lat' dir='ltr'><strong>meipsum</strong></span> <span class='ocrx_word' id='word_1_176' title='bbox 684 3791 832 3857; x_wconf 74' lang='lat' dir='ltr'><strong>peccasm</strong></span> <span class='ocrx_word' id='word_1_177' title='bbox 858 3771 1013 3858; x_wconf 80' lang='lat' dir='ltr'><strong>graviter,</strong></span> <span class='ocrx_word' id='word_1_178' title='bbox 1035 3769 1234 3859; x_wconf 69' lang='lat' dir='ltr'><strong>‘iniqueque</strong></span> <span class='ocrx_word' id='word_1_179' title='bbox 1256 3771 1457 3851; x_wconf 86' lang='lat' dir='ltr'><strong>informasse,</strong></span> <span class='ocrx_word' id='word_1_180' title='bbox 1472 3793 1510 3838; x_wconf 87' lang='lat' dir='ltr'><strong>ec</strong></span> 
     </span>
     <span class='ocr_line' id='line_1_26' title="bbox 460 3872 1509 3962; baseline 0.002 -25"><span class='ocrx_word' id='word_1_181' title='bbox 460 3879 477 3905; x_wconf 94' lang='lat'><strong>“</strong></span> <span class='ocrx_word' id='word_1_182' title='bbox 500 3872 603 3938; x_wconf 85' lang='lat' dir='ltr'><strong>etiam</strong></span> <span class='ocrx_word' id='word_1_183' title='bbox 624 3872 782 3951; x_wconf 81' lang='lat' dir='ltr'><strong>infecisse,</strong></span> <span class='ocrx_word' id='word_1_184' title='bbox 805 3873 964 3962; x_wconf 85' lang='lat' dir='ltr'><strong>populum</strong></span> <span class='ocrx_word' id='word_1_185' title='bbox 986 3874 1060 3956; x_wconf 90' lang='lat' dir='ltr'><strong>Dei,</strong></span> <span class='ocrx_word' id='word_1_186' title='bbox 1081 3879 1229 3941; x_wconf 81' lang='lat' dir='ltr'><strong>revertor</strong></span> <span class='ocrx_word' id='word_1_187' title='bbox 1250 3880 1286 3941; x_wconf 92' lang='lat' dir='ltr'><strong>et</strong></span> <span class='ocrx_word' id='word_1_188' title='bbox 1311 3875 1445 3941; x_wconf 88' lang='lat' dir='ltr'><strong>revenio</strong></span> <span class='ocrx_word' id='word_1_189' title='bbox 1467 3874 1509 3940; x_wconf 86' lang='lat' dir='ltr'><strong>ad</strong></span> 
     </span>
     <span class='ocr_line' id='line_1_27' title="bbox 460 3974 1510 4057; baseline 0.004 -17"><span class='ocrx_word' id='word_1_190' title='bbox 460 3974 666 4042; x_wconf 86' lang='lat' dir='ltr'><strong>“unitatem</strong></span> <span class='ocrx_word' id='word_1_191' title='bbox 690 3975 821 4043; x_wconf 83' lang='lat' dir='ltr'><strong>Sanctae</strong></span> <span class='ocrx_word' id='word_1_192' title='bbox 844 3976 964 4042; x_wconf 83' lang='lat' dir='ltr'><strong>Matris</strong></span> <span class='ocrx_word' id='word_1_193' title='bbox 986 3975 1147 4057; x_wconf 73' lang='lat' dir='ltr'><strong>Ecclesia,</strong></span> <span class='ocrx_word' id='word_1_194' title='bbox 1170 3982 1206 4043; x_wconf 93' lang='lat' dir='ltr'><strong>et</strong></span> <span class='ocrx_word' id='word_1_195' title='bbox 1235 3997 1347 4044; x_wconf 89' lang='lat' dir='ltr'><strong>omnes</strong></span> <span class='ocrx_word' id='word_1_196' title='bbox 1372 3975 1510 4044; x_wconf 78' lang='lat' dir='ltr'><strong>hareses</strong></span> 
     </span>
     <span class='ocr_line' id='line_1_28' title="bbox 459 4077 1510 4159; baseline 0.001 -16"><span class='ocrx_word' id='word_1_197' title='bbox 459 4082 475 4111; x_wconf 90' lang='lat'><strong>“</strong></span> <span class='ocrx_word' id='word_1_198' title='bbox 498 4081 533 4142; x_wconf 88' lang='lat' dir='ltr'><strong>et</strong></span> <span class='ocrx_word' id='word_1_199' title='bbox 555 4098 687 4159; x_wconf 86' lang='lat' dir='ltr'><strong>errores,</strong></span> <span class='ocrx_word' id='word_1_200' title='bbox 710 4099 748 4144; x_wconf 87' lang='lat' dir='ltr'><strong>ac</strong></span> <span class='ocrx_word' id='word_1_201' title='bbox 770 4077 872 4143; x_wconf 88' lang='lat' dir='ltr'><strong>etiam</strong></span> <span class='ocrx_word' id='word_1_202' title='bbox 895 4099 1007 4144; x_wconf 87' lang='lat' dir='ltr'><strong>omnes</strong></span> <span class='ocrx_word' id='word_1_203' title='bbox 1037 4078 1119 4144; x_wconf 86' lang='lat' dir='ltr'><strong>aliae</strong></span> <span class='ocrx_word' id='word_1_204' title='bbox 1152 4077 1301 4159; x_wconf 78' lang='lat' dir='ltr'><strong>haereses,</strong></span> <span class='ocrx_word' id='word_1_205' title='bbox 1328 4083 1363 4146; x_wconf 87' lang='lat' dir='ltr'><strong>ct</strong></span> <span class='ocrx_word' id='word_1_206' title='bbox 1386 4099 1510 4145; x_wconf 81' lang='lat' dir='ltr'><strong>errores</strong></span> 
     </span>
     <span class='ocr_line' id='line_1_29' title="bbox 460 4179 1510 4270; baseline 0.002 -26"><span class='ocrx_word' id='word_1_207' title='bbox 460 4187 476 4214; x_wconf 89' lang='lat'><em>“</em></span> <span class='ocrx_word' id='word_1_208' title='bbox 497 4200 556 4266; x_wconf 89' lang='lat' dir='ltr'><strong>per</strong></span> <span class='ocrx_word' id='word_1_209' title='bbox 577 4201 630 4246; x_wconf 90' lang='lat' dir='ltr'><strong>me</strong></span> <span class='ocrx_word' id='word_1_210' title='bbox 653 4180 801 4267; x_wconf 85' lang='lat' dir='ltr'><strong>scriptos,</strong></span> <span class='ocrx_word' id='word_1_211' title='bbox 824 4184 858 4247; x_wconf 88' lang='lat' dir='ltr'><strong>et</strong></span> <span class='ocrx_word' id='word_1_212' title='bbox 879 4186 1053 4248; x_wconf 90' lang='lat' dir='ltr'><strong>contentos</strong></span> <span class='ocrx_word' id='word_1_213' title='bbox 1074 4181 1112 4246; x_wconf 90' lang='lat' dir='ltr'><strong>in</strong></span> <span class='ocrx_word' id='word_1_214' title='bbox 1133 4179 1282 4270; x_wconf 75' lang='lat' dir='ltr'><strong>prefatis</strong></span> <span class='ocrx_word' id='word_1_215' title='bbox 1303 4181 1386 4248; x_wconf 91' lang='lat' dir='ltr'><strong>meis</strong></span> <span class='ocrx_word' id='word_1_216' title='bbox 1415 4180 1510 4247; x_wconf 88' lang='lat' dir='ltr'><strong>lib1is</strong></span> 
     </span>
     <span class='ocr_line' id='line_1_30' title="bbox 460 4281 1511 4373; baseline 0.006 -27"><span class='ocrx_word' id='word_1_217' title='bbox 460 4287 477 4316; x_wconf 86' lang='lat'><strong><em>“</em></strong></span> <span class='ocrx_word' id='word_1_218' title='bbox 499 4286 534 4347; x_wconf 84' lang='lat' dir='ltr'><strong>et</strong></span> <span class='ocrx_word' id='word_1_219' title='bbox 557 4281 718 4372; x_wconf 90' lang='lat' dir='ltr'><strong>operibus,</strong></span> <span class='ocrx_word' id='word_1_220' title='bbox 743 4303 803 4372; x_wconf 83' lang='lat' dir='ltr'><strong>ego</strong></span> <span class='ocrx_word' id='word_1_221' title='bbox 834 4281 889 4349; x_wconf 89' lang='lat' dir='ltr'><strong>hic</strong></span> <span class='ocrx_word' id='word_1_222' title='bbox 920 4283 1111 4351; x_wconf 85' lang='lat' dir='ltr'><strong>solemniter</strong></span> <span class='ocrx_word' id='word_1_223' title='bbox 1142 4290 1177 4350; x_wconf 92' lang='lat' dir='ltr'><strong>et</strong></span> <span class='ocrx_word' id='word_1_224' title='bbox 1202 4288 1315 4373; x_wconf 85' lang='lat' dir='ltr'><strong>aperte</strong></span> <span class='ocrx_word' id='word_1_225' title='bbox 1336 4305 1453 4354; x_wconf 86' lang='lat' dir='ltr'><strong>revoco</strong></span> <span class='ocrx_word' id='word_1_226' title='bbox 1475 4288 1511 4352; x_wconf 88' lang='lat' dir='ltr'><strong>et</strong></span> 
     </span>
    </p>
   </div>
   <div class='ocr_carea' id='block_1_5' title="bbox 463 4453 1504 4468">
    <p class='ocr_par' dir='ltr' id='par_1_8' title="bbox 463 4453 1504 4468">
     <span class='ocr_line' id='line_1_31' title="bbox 463 4453 1504 4468; baseline 0.01 -9"><span class='ocrx_word' id='word_1_227' title='bbox 463 4453 604 4460; x_wconf 43' lang='grc' dir='ltr'>..ψ-,ω</span> <span class='ocrx_word' id='word_1_228' title='bbox 1239 4459 1504 4468; x_wconf 50' lang='grc' dir='ltr'>..ωσι-ι..-</span> 
     </span>
    </p>
   </div>
   <div class='ocr_carea' id='block_1_6' title="bbox 458 4553 1510 4864">
    <p class='ocr_par' dir='ltr' id='par_1_9' title="bbox 491 4553 1510 4772">
     <span class='ocr_line' id='line_1_32' title="bbox 491 4553 1510 4622; baseline 0.009 -17"><span class='ocrx_word' id='word_1_229' title='bbox 491 4553 773 4621; x_wconf 65' lang='grc' dir='ltr'><strong>ῙουπᾰιηφιιαείιιΜὸ.</strong></span> <span class='ocrx_word' id='word_1_230' title='bbox 1040 4557 1510 4622; x_wconf 76' lang='lat' dir='ltr'><strong>⁴Theflrstletterisnmitted3tebe</strong></span> 
     </span>
     <span class='ocr_line' id='line_1_33' title="bbox 491 4633 1344 4703; baseline 0.007 -17"><span class='ocrx_word' id='word_1_231' title='bbox 491 4633 722 4700; x_wconf 58' lang='lat' dir='ltr'><strong>meduanensis</strong></span> <span class='ocrx_word' id='word_1_232' title='bbox 734 4635 791 4687; x_wconf 81' lang='lat' dir='ltr'><strong>MS.</strong></span> <span class='ocrx_word' id='word_1_233' title='bbox 1008 4638 1344 4703; x_wconf 79' lang='lat' dir='ltr'><strong>suppliedinillnmiueticn.</strong></span> 
     </span>
     <span class='ocr_line' id='line_1_34' title="bbox 491 4713 1343 4772; baseline 0.007 -6"><span class='ocrx_word' id='word_1_234' title='bbox 491 4713 958 4766; x_wconf 65' lang='lat' dir='ltr'><strong>&#39;memeleoecaninnoomer</strong></span> <span class='ocrx_word' id='word_1_235' title='bbox 1040 4715 1343 4772; x_wconf 60' lang='lat' dir='ltr'><strong>‘sabmianum</strong></span> 
     </span>
    </p>

    <p class='ocr_par' dir='ltr' id='par_1_10' title="bbox 458 4791 1283 4864">
     <span class='ocr_line' id='line_1_35' title="bbox 458 4791 1283 4864; baseline 0.007 -20"><span class='ocrx_word' id='word_1_236' title='bbox 458 4791 564 4859; x_wconf 74' lang='lat' dir='ltr'><strong>copycl</strong></span> <span class='ocrx_word' id='word_1_237' title='bbox 570 4791 614 4842; x_wconf 86' lang='lat' dir='ltr'><strong>the</strong></span> <span class='ocrx_word' id='word_1_238' title='bbox 624 4792 797 4844; x_wconf 75' lang='lat' dir='ltr'><strong>Bccantetion.</strong></span> <span class='ocrx_word' id='word_1_239' title='bbox 1041 4795 1283 4864; x_wconf 67' lang='lat' dir='ltr'><strong>‘iaqaeqminlffi</strong></span> 
     </span>
    </p>
   </div>
   <div class='ocr_carea' id='block_1_7' title="bbox 0 0 1838 5842">
    <p class='ocr_par' dir='ltr' id='par_1_11' title="bbox 0 0 1838 5842">
     <span class='ocr_line' id='line_1_36' title="bbox 0 0 1838 5842; baseline 0 0"><span class='ocrx_word' id='word_1_240' title='bbox 0 0 1838 5842; x_wconf 95' lang='lat' dir='ltr'><strong> </strong></span> 
     </span>
    </p>
   </div>
  </div>
 </body>
</html>
