3640 5842
482 915 655 966 Jonnuurs
677 915 959 966 wunrmusrnun
981 916 1154 966 secunus.
1277 903 1339 966 405

295 1125 432 1190 persona
465 1127 525 1170 sua
555 1104 695 1192 propria,
731 1126 785 1170 ore
816 1105 897 1170 satis
922 1104 1071 1184 facundo,
1095 1109 1202 1170 ortum
1235 1126 1339 1181 suurn,
1352 1113 1421 1164 al).
1435 1119 1506 1165 1461.

295 1206 431 1272 titulum
454 1229 560 1284 suurn,
571 1207 690 1293 jusque
706 1229 801 1272 suum
824 1206 865 1271 ad
888 1228 1008 1272 nornen
1030 1213 1065 1272 et
1087 1207 1232 1294 regimen
1247 1207 1340 1293 regni

296 1307 471 1390 habitum
503 1309 743 1394 utrobiqueque
773 1309 809 1372 in
839 1329 873 1373 se
902 1313 1042 1396 sumpto,
1073 1315 1143 1373 tam
1174 1307 1474 1388 ¹n0mine,Hethere

295 1410 456 1489 videlicet,
480 1409 588 1497 Regis,
612 1432 710 1496 quarn
740 1410 834 1496 regni
864 1410 964 1474 etiam
994 1411 1161 1497 regimine,
1192 1384 1483 1500 penexiefflffiss

294 1513 433 1577 ulterius
455 1512 497 1577 ad
520 1512 687 1578 ecclesiam
719 1511 959 1590 monachorum,
983 1513 1042 1577 ubi
1074 1512 1117 1578 ab
1141 1512 1272 1578 Abbate
1305 1513 1504 1579 etmuuqon

294 1614 513 1680 confratribus
536 1637 610 1679 cum
626 1612 791 1680 oblatione
813 1612 956 1700 ²soeptri
979 1614 1070 1702 regii,
1085 1619 1120 1680 et
1141 1615 1215 1680 aliis
1229 1615 1338 1700 requie
1350 1589 1483 1700 bbbsm

295 1717 377 1792 sitis,
411 1720 560 1802 receptus
598 1717 678 1780 satis
715 1715 899 1793 honorifice,
937 1716 1118 1782 ducebatur
1154 1737 1212 1803 per
1249 1717 1338 1781 chori

295 1819 438 1884 medium
461 1839 564 1904 usque
593 1819 635 1883 ad
665 1818 770 1883 alta-re
791 1817 908 1903 majus,
932 1817 1051 1883 deinde
1073 1815 1338 1898 ad³fereeru1n;

296 1920 414 1985 deinde
446 1942 533 1998 vero,
556 1920 726 1985 immolato
759 1927 870 1985 tamen
902 1919 993 2007 prius
1026 1919 1063 1982 in
1097 1925 1237 2004 utroque
1268 1920 1337 1984 loco

295 2027 458 2088 consuetae
481 2023 656 2088 oblationis
679 2022 843 2100 sacrificio,
858 2023 958 2088 rediit
979 2021 1100 2087 iterum
1120 2022 1156 2086 in
1183 2021 1337 2100 chorum;

295 2125 406 2211 ibique
431 2126 565 2192 intuens
597 2124 713 2190 solium
745 2124 894 2202 alterurn,
918 2146 976 2212 pro
1007 2124 1112 2211 Regia
1134 2123 1337 2190 Celsitudine

295 2231 447 2305 erectum,
462 2228 498 2292 in
512 2227 622 2314 ipsum
636 2227 791 2304 ascendit,
807 2226 986 2311 sedensque
1008 2227 1044 2290 in
1067 2226 1188 2302 eodem,
1211 2224 1340 2291 ⁴deola·

294 2331 382 2395 ravit
418 2330 539 2394 iterum
571 2328 685 2414 pedem
720 2351 788 2394 suae
819 2329 1057 2416 originationis,
1092 2328 1140 2392 ita
1171 2327 1336 2407 distincte,

294 2430 444 2509 dilucide,
468 2453 506 2496 ao
538 2431 639 2496 etiam
672 2439 791 2518 aperte,
822 2436 863 2495 ut
897 2429 1045 2495 valerent
1077 2451 1189 2496 omnes
1220 2429 1338 2495 melius

294 2532 483 2620 intelligere,
517 2532 679 2618 quomodo
716 2534 786 2620 ipse
823 2554 921 2597 verus
957 2531 1060 2598 haeres
1098 2532 1188 2619 regni
1222 2533 1337 2609 fuerat,

295 2635 500 2720 qualiterque
522 2635 563 2699 de
585 2635 657 2722 lege
679 2635 772 2722 regni
794 2634 857 2700 sibi
880 2634 1025 2722 regimen
1047 2633 1135 2699 illins
1157 2639 1337 2720 competere

295 2736 435 2802 deberet.

339 2837 407 2904 ⁵Et
441 2839 519 2902 dum
552 2837 714 2904 declarare
747 2838 916 2924 inciperet,
940 2838 1111 2903 exordium
1145 2837 1286 2922 sumpsit
1317 2845 1504 2924 annuerant

296 2941 384 3027 Rege
416 2941 559 3006 Henrico
591 2940 709 3019 Tertio,
733 2940 985 3026 declaravitque,
1009 2939 1172 3026 quomodo
1202 2939 1271 3024 ipse
1302 2911 1496 3043 inffiyffiqfl}

294 3042 442 3129 legitima
474 3041 696 3128 procreatione
727 3043 842 3128 genuit
869 3041 1069 3108 Edwardum
1092 3040 1248 3120 Primum,
1271 3040 1438 3104 Ed-Thirt

294 3144 425 3209 wardus
457 3149 568 3209 autem
603 3144 733 3208 Primus
764 3143 881 3230 genuit
915 3142 1116 3209 Edwardum
1143 3141 1338 3221 Secundum,

294 3246 477 3311 Edwardus
499 3251 612 3311 autem
635 3246 805 3311 Secundus
827 3247 943 3332 genuit
965 3244 1165 3310 Edwardum
1182 3242 1339 3323 Tertium,

295 3348 479 3413 Edwardus
504 3353 614 3413 autem
641 3347 771 3413 Tertius
793 3349 910 3434 genuit
932 3347 1132 3412 Edwardum
1153 3345 1338 3432 Principem

295 3449 431 3528 walliae,
447 3455 483 3515 et
497 3450 582 3514 filios
604 3449 686 3514 alios
708 3471 775 3527 sex,
794 3449 955 3526 videlicet,
971 3448 1182 3524 Willelmnm,
1204 3447 1339 3513 Leonel-

293 3552 371 3632 lum,
402 3551 425 3617 J
427 3551 598 3631 ohannem,
633 3551 855 3628 Edmundum‚
886 3551 1088 3616 Willelmum
1121 3551 1270 3630 alterum,
1305 3557 1340 3616 et

293 3653 461 3718 Thomam.
516 3653 701 3718 Edwardus
738 3659 848 3718 autem
888 3653 1042 3738 Princeps
1078 3653 1196 3740 genuit
1234 3653 1338 3718 filium

294 3756 399 3821 solum
436 3759 470 3820 et
504 3755 645 3833 unicum,
671 3755 870 3836 Ricardum
905 3755 970 3841 qui,
1005 3760 1099 3841 patre
1132 3760 1339 3841 praemortuo,

294 3857 446 3924 successit
464 3857 540 3941 jure
562 3857 771 3922 haereditario
793 3879 855 3922 avo
878 3879 937 3922 suo
952 3856 1118 3922 Edwardo
1132 3857 1169 3919 in
1183 3877 1339 3942 regnum3

293 3959 508 4046 regnavitque
531 3959 692 4045 posterius
715 3979 891 4045 perennes
913 3958 1030 4035 varios,
1046 3977 1231 4044 perennes,
1247 3957 1339 4021 vide·

292 4061 377 4138 licet,
400 4061 529 4149 viginti,
552 4065 587 4126 et
609 4060 755 4124 ulterius.

337 4162 483 4228 Tandem
520 4183 608 4240 vero,
645 4167 775 4227 mortuo
813 4161 974 4238 Johanne‚
1007 4161 1097 4226 Duce
1131 4158 1337 4236 Lancastriae,
1351 4183 1504 4250 Usurpason

292 4271 410 4351 quarto
432 4249 588 4330 Edwardi
611 4263 710 4350 Regis
733 4264 810 4342 filio,
834 4262 1060 4348 existenteque
1087 4261 1175 4348 Rege
1197 4261 1338 4327 Rioardo
1351 4251 1486 4385 ἔξω

298 4434 332 4440 .-
356 4433 459 4438 .-.——-
881 4430 965 4436 --—
991 4429 1176 4436 ..—.-.-.—--
1187 4428 1333 4434 ..u——

326 4518 426 4567 ¹aomen
443 4534 544 4568 .....
543 4518 568 4582 qi
568 4533 620 4566 men
630 4515 656 4565 in
667 4516 724 4567 MS.
840 4516 1057 4566 Partiammtarem
1074 4514 1337 4582 duplic-Marginnl

323 4595 421 4660 ²ceplri
431 4596 457 4645 in
470 4595 525 4646 MS.
839 4596 914 4656 Note,
923 4597 957 4660 by
968 4596 1037 4645 Lord
1048 4593 1159 4646 William
1172 4595 1289 4646 Hownrd.

325 4675 403 4725 ⁸The
415 4675 503 4726 Shrine
515 4673 545 4725 ol
552 4675 662 4724 Edward
672 4675 713 4724 the
726 4673 793 4725 Gon·
873 4673 1048 4740 ⁵Geacalopae'a
1094 4674 1171 4740 Repis
1215 4673 1339 4723 Edwards·

291 4755 378 4806 sessor.
843 4753 1100 4818 Quarti-Marginsl
1122 4755 1197 4816 Note,
1218 4754 1252 4818 by
1269 4755 1337 4804 Lord

325 4831 440 4885 ⁴0rctio
465 4832 585 4883 Edwards·
615 4832 650 4883 ad
678 4833 792 4884 Smalum
841 4833 953 4886 william
965 4834 1082 4884 Howard.
