3668 5842
437 909 522 973 '238
793 927 995 978 snoisuauu
1016 925 1195 978 seusun

285 1109 474 1161 A·D·1⁴56·“
495 1135 582 1200 gero,
606 1113 694 1200 quod
716 1115 780 1202 ipsi
803 1137 907 1182 unum
938 1117 1150 1204 mesuagium,
1174 1116 1245 1182 sive
1274 1121 1511 1200 tenementum,

456 1221 474 1250 “
498 1238 572 1282 cum
594 1217 672 1282 kaio
699 1218 879 1305 adjacente,
903 1220 1003 1285 simul
1033 1242 1108 1286 cum
1134 1219 1287 1285 omnibus
1307 1219 1511 1286 aisiamentis

455 1327 472 1355 ‘¹
496 1324 531 1385 et
553 1319 679 1386 caeteris
703 1321 771 1386 suis
793 1322 1012 1409 pertinentiis,
1036 1345 1073 1388 ac
1096 1321 1229 1410 juribus
1252 1321 1509 1411 quibuscunque,

456 1431 474 1458 “
497 1423 663 1510 praedictis
685 1425 862 1512 mesuagio,
886 1425 955 1492 sive
977 1430 1177 1507 tenemento,
1194 1430 1229 1491 et
1250 1425 1338 1504 kaio,
1353 1426 1508 1513 qualiter·

454 1533 622 1612 “cunque
663 1528 916 1613 pertinentibus,
955 1529 1116 1594 situatum
1153 1529 1190 1594 in
1227 1529 1357 1596 venella
1395 1537 1510 1598 vocata

453 1635 471 1662 “
494 1627 815 1717 ‘Wyndegoselane’
849 1629 885 1696 in
918 1631 1078 1697 Paroohia
1116 1631 1275 1697 Omnium
1312 1632 1508 1700 Sanctorum

453 1737 471 1766 “
493 1730 536 1796 ad
558 1731 693 1810 Fanum,
717 1732 969 1810 Londoniarum‚
996 1733 1127 1815 scilicet,
1160 1733 1248 1799 inter
1281 1739 1507 1802 tenementum

452 1841 469 1868 “
491 1855 598 1919 nuper
619 1833 855 1901 Bartholomaei
879 1834 1067 1924 Frestlyng,
1091 1857 1135 1903 ex
1158 1841 1252 1924 perte
1275 1837 1449 1917 Orientali,
1472 1843 1507 1904 et

453 1943 469 1970 “
491 1935 606 2000 kaium
621 1942 776 2002 vocatum
788 1937 1116 2025 ‘Esterlyngeshalle
1129 1961 1171 2004 ex
1186 1943 1281 2026 parte
1291 1939 1505 2022 Occidentali,

451 2047 467 2073 “
491 2059 528 2103 ao
551 2061 671 2126 aquam
694 2039 855 2121 Tamisiae,
873 2062 915 2106 ex
936 2045 1030 2128 parte
1046 2041 1206 2119 Australi,
1222 2047 1256 2107 et
1279 2047 1506 2108 tenementum

451 2146 468 2176 “
491 2161 597 2228 nuper
619 2141 788 2228 Radulphi
810 2141 990 2229 Blakeney,
1014 2164 1057 2208 ex
1083 2149 1178 2230 parte
1200 2144 1405 2230 Aquilonari,
1429 2145 1506 2211 dare

450 2251 467 2276 “
490 2247 631 2330 possent,
664 2249 698 2308 et
731 2244 915 2323 concedere,
947 2245 1078 2311 dilectis
1111 2246 1149 2310 in
1183 2245 1324 2324 Christo,
1346 2247 1504 2329 Johanni,

451 2345 615 2410 “Abbati
638 2345 841 2426 Monasterii,
864 2347 935 2413 sive
958 2347 1146 2428 Abbathiae,
1170 2347 1286 2414 Sancti
1308 2349 1441 2428 Albani,
1463 2351 1505 2416 de

450 2455 466 2480 “
489 2447 570 2512 villa
596 2447 637 2513 de
661 2447 783 2515 Sancto
805 2448 947 2527 Albano,
971 2454 1005 2515 et
1037 2451 1184 2537 ejusdem
1216 2451 1281 2517 loci
1304 2451 1505 2530 Conventui,

450 2557 467 2584 “
489 2549 677 2616 babendum
707 2556 742 2617 et
775 2553 958 2618 tenendum
997 2551 1062 2617 sibi
1096 2557 1130 2618 et
1165 2553 1403 2620 successoribus
1435 2554 1504 2620 suis

450 2659 467 2687 “
490 2651 548 2717 1in
569 2658 787 2741 perpetuum
811 2659 846 2720 et
861 2654 984 2720 eisdem
1000 2654 1127 2721 Abbati
1150 2662 1185 2721 et
1202 2655 1400 2735 Conventui,
1415 2657 1503 2744 quod

449 2755 552 2842 “ipsi
582 2756 671 2821 idem
701 2757 915 2844 mesuagium,
939 2757 1009 2823 sive
1041 2762 1276 2840 tenementum,
1309 2763 1344 2824 et
1377 2759 1503 2839 keium,

449 2864 466 2893 “
489 2880 565 2923 cum
587 2859 790 2925 aisiamentis
813 2865 848 2925 et
870 2859 998 2929 caeteris
1021 2859 1089 2925 suis
1119 2859 1330 2946 pertinentiis
1353 2881 1391 2926 ac
1416 2859 1501 2946 juri-

448 2969 466 2994 “
488 2961 550 3026 bus
566 2960 824 3048 quibuscunque,
840 2962 1008 3050 praedictis
1023 2963 1199 3049 mesuagio,
1217 2963 1287 3028 sive
1302 2967 1502 3042 tenemento,

448 3069 465 3097 “
488 3068 523 3129 et
538 3063 624 3145 kaie,
644 3064 915 3151 qualitercunque
937 3065 1189 3152 pertinentibus,
1212 3064 1255 3130 de
1277 3064 1423 3151 piaefatis
1437 3065 1503 3130 Ra

448 3173 465 3200 “
487 3165 611 3254 dulpho
634 3171 668 3232 et
691 3167 846 3232 Johanne
867 3167 1012 3253 recipere
1034 3172 1177 3255 possent,
1192 3172 1229 3232 et
1250 3173 1363 3232 tenere
1385 3166 1500 3233 sibiet

446 3277 463 3302 “
486 3268 725 3334 successoribus
755 3269 822 3334 suis
846 3267 904 3334 1in
925 3275 1131 3358 perpetuum,
1155 3268 1307 3336 similiter
1331 3268 1500 3334 licentiam

447 3370 637 3436 “dedimus
668 3370 849 3458 specialem,
873 3369 1010 3437 Statuto
1042 3371 1084 3437 de
1109 3371 1206 3436 terris
1237 3376 1273 3436 et
1303 3371 1501 3437 tenementis

446 3481 462 3506 “
485 3472 528 3537 ad
559 3495 696 3538 manum
730 3479 895 3540 mortuam
925 3496 992 3539 non
1027 3473 1187 3561 ponendis
1218 3473 1308 3538 edito
1340 3495 1410 3539 non
1442 3473 1500 3540 ob-

446 3579 603 3642 “stante
650 3575 741 3642 Dum
775 3581 888 3642 tamen
921 3597 980 3663 per
1014 3575 1251 3663 Inquisitiones
1284 3575 1362 3640 inde
1388 3575 1499 3642 debite

446 3685 463 3713 “
486 3678 668 3766 capiendae,
692 3685 727 3746 et
752 3679 789 3745 in
812 3678 1050 3746 Oanosllariam
1072 3683 1229 3758 nostram,
1253 3677 1307 3744 vel
1329 3677 1498 3746 haredum

446 3789 462 3816 “
484 3786 680 3862 nostrorum,
711 3782 776 3848 rite
806 3781 1034 3860 retornendas,
1056 3786 1260 3868 compertum
1292 3787 1377 3847 esset
1409 3781 1498 3868 quod

445 3891 463 3918 “
485 3884 522 3950 id
542 3884 615 3950 fieri
637 3889 747 3972 posset
770 3885 893 3972 absque
916 3883 1060 3950 ²damno
1083 3904 1140 3949 seu
1170 3882 1361 3971 praejudicio
1384 3883 1496 3964 nostn',

443 3995 460 4021 “
483 3988 539 4053 vel
560 3988 727 4054 haredum
749 3993 947 4066 nostrorum,
970 3990 1030 4052 aut
1056 3985 1196 4052 oliorum
1219 4007 1497 4073 quorumeunque,

442 4095 581 4179 “prout
610 4092 647 4158 in
669 4091 812 4188 Litteris
835 4090 957 4156 nostris
987 4089 1193 4170 Potentibus,
1224 4089 1304 4155 inde
1333 4087 1496 4170 confectis,

444 4204 460 4228 “
482 4194 611 4281 plenius
642 4193 852 4274 continetur3
881 4214 950 4272 nos,
982 4191 1130 4258 volentes
1156 4191 1396 4258 concessionem
1421 4212 1496 4257 nos-

443 4305 461 4330 “
483 4301 571 4362 tram
593 4296 725 4364 effectui
747 4295 860 4362 debito
882 4294 1070 4382 mancipari,
1091 4293 1316 4372 concessimus,
1339 4299 1374 4359 et
1396 4292 1496 4359 lieen-

443 4401 566 4466 “tiam
596 4399 755 4477 dedimus,
778 4419 838 4486 pro
868 4397 965 4464 nobis
987 4401 1022 4462 et
1051 4395 1238 4462 haeredibus
1260 4395 1383 4462 nostris
1412 4417 1498 4483 prae·

442 4509 459 4536 “
482 4503 587 4584 dictis,
611 4506 772 4590 quantum
803 4502 840 4566 in
871 4500 967 4566 nobis
999 4503 1060 4580 est,
1081 4498 1228 4586 prefatis
1251 4497 1429 4585 Radulpho
1460 4503 1496 4563 et

442 4613 459 4641 “
481 4605 505 4670 J
507 4604 638 4684 ohanni,
655 4602 743 4692 quod
767 4601 832 4691 ipsi
854 4601 1048 4690 predictum
1071 4601 1285 4690 mesuagium,
1310 4601 1380 4666 sive
1401 4606 1494 4667 tene·

474 4877 773 4948 ¹meannus.
963 4875 969 4946 ι
1015 4872 1249 4942 emmaus.
