3582 5838
470 925 644 978 ronanam
666 927 949 980 nummusrmra
971 929 1150 984 scomma
1271 921 1335 985 15³

292 1119 310 1150 “
332 1113 514 1181 ¹Obartam
544 1114 644 1202 ΒΨ
673 1115 794 1182 latino
825 1137 982 1196 sermone,
1015 1117 1169 1183 omuibus
1199 1118 1334 1184 circum·
1369 1103 1483 1228 uffio

293 1223 312 1254 “
333 1217 509 1298 stantibus,
546 1217 720 1306 perlegere,
758 1239 796 1284 ao
833 1218 952 1286 deinde
981 1218 1189 1286 Sanctissimi
1225 1220 1335 1288 Patris
1483 1211 1489 1226 ’

293 1326 312 1356 “
334 1319 464 1386 Bullrun
477 1346 486 1403 3
509 1341 647 1407 quarum
662 1319 890 1410 ⁹[utramque]
913 1321 966 1388 vir
980 1321 1058 1388 altae
1073 1323 1287 1406 discretionis,
1302 1330 1338 1391 et

294 1430 311 1458 “
333 1444 462 1490 morum
483 1423 651 1510 gravitate
680 1424 813 1510 pollens,
836 1425 987 1490 Vicarius
1012 1425 1179 1492 Generalis
1201 1427 1337 1494 Domini

294 1532 312 1570 ‘·‘
333 1525 489 1614 Episcopi
509 1526 691 1603 memorati,
713 1526 844 1613 vulgari
867 1527 997 1614 eloquio
1020 1529 1182 1594 srrooinote
1205 1551 1243 1597 aa
1265 1553 1336 1618 per·

295 1635 315 1663 “
335 1627 442 1694 lucide
461 1628 615 1694 omnibus
630 1629 816 1716 explioavit.
863 1630 937 1711 Qua
951 1630 1180 1711 declaratione,
1195 1637 1235 1698 ut
1256 1655 1338 1720 pra·

295 1737 313 1766 “
333 1732 490 1809 mittitur,
512 1730 676 1817 exquisite
698 1732 867 1819 completa,
884 1733 1076 1820 praelibatus
1090 1734 1288 1800 venerabilis
1301 1736 1339 1802 in

294 1841 313 1869 “
335 1833 466 1900 Christo
500 1837 606 1920 pater,
632 1832 874 1920 Suffraganeus,
897 1834 1065 1922 inceptum
1102 1836 1339 1904 benedictionis

294 1944 312 1972 “
333 1937 552 2002 ministerium
575 1935 693 2002 devote
719 1936 922 2024 adimplevit,
945 1938 1157 2026 Prioremque
1186 1939 1339 2026 saepedie-

295 2044 408 2104 “tum
444 2037 624 2117 benedixit,
659 2044 702 2117 et,
736 2040 864 2106 virtute
901 2039 1090 2122 Baliarum,
1115 2042 1264 2128 praeleoit
1302 2043 1339 2107 in

294 2147 312 2176 “
332 2141 509 2208 Abbatem
546 2140 693 2206 Tandem
716 2141 821 2208 officio
846 2141 955 2210 Missae
976 2143 1129 2210 totaliter
1150 2144 1340 2224 terminato,

297 2249 315 2278 “
336 2266 415 2310 mox
445 2243 681 2330 Suffraganeus
714 2245 881 2311 Abbatem
915 2245 1014 2312 duxit
1051 2246 1088 2310 in
1125 2247 1269 2329 eborum,
1304 2249 1340 2312 in

295 2353 312 2382 “
333 2347 495 2433 stalloque
516 2346 635 2432 posuit.
675 2345 764 2411 Dein
785 2346 829 2411 ad
852 2347 1044 2434 Capitulum
1066 2370 1101 2414 se
1115 2349 1338 2431 divertebant,

295 2457 313 2483 “
334 2472 407 2516 oum
437 2449 658 2515 confratribus
687 2449 879 2536 regulariter
905 2451 1187 2538 prosequentibus,
1212 2473 1341 2518 necnon

294 2561 312 2588 “
333 2558 368 2619 et
389 2551 463 2617 aliie
481 2551 691 2638 jurisperitis,
706 2557 740 2617 et
758 2551 919 2639 Magistro
935 2553 1099 2620 (ledfredo
1121 2554 1145 2620 J
1146 2575 1218 2640 oye,
1234 2555 1339 2621 Nota-

296 2663 313 2690 “
334 2655 385 2722 rio
407 2655 550 2736 Publioo,
582 2655 626 2718 ad
657 2654 718 2720 hoo
749 2655 933 2741 specialiter
963 2658 1130 2744 requisito,
1160 2654 1341 2724 instantius

295 2766 311 2792 ‘⁸
333 2763 368 2823 et
403 2761 529 2844 rogato,
562 2777 637 2822 oum
673 2755 848 2822 sufficienti
880 2779 1110 2844 generosorum
1142 2759 1340 2841 testimonio,

295 2869 312 2894 “
334 2859 501 2924 Willelmo
532 2858 631 2944 Roys,
664 2858 825 2924 Niobolao
856 2857 1096 2948 ³Appelyerde,
1120 2876 1155 2927 et
1186 2862 1341 2928 Jobanne

295 2969 314 2997 “
335 2961 498 3049 Bryggis3
520 2983 586 3047 quo
608 2961 787 3027 confratres
810 2963 972 3041 canonice,
988 2963 1117 3042 obnixe,
1133 2969 1168 3030 et
1182 2965 1340 3052 religiose,

297 3075 314 3099 “
331 3065 441 3148 ‚eidem
468 3062 594 3130 Abbati
626 3063 809 3150 regularem
844 3063 1066 3130 obedientiam
1096 3065 1340 3152 impendebant.

296 3175 314 3202 ‘⁶
336 3169 382 3233 Et
395 3167 460 3232 hiis
473 3166 623 3254 peractis,
638 3167 681 3231 ad
695 3166 767 3232 loca
780 3166 966 3232 refectionis
987 3166 1099 3233 ⁴illioo
1114 3168 1341 3255 properabant.

295 3281 313 3306 ‘⁴
335 3271 454 3336 Postea
476 3275 595 3346 tamen,
619 3273 802 3356 temperato
824 3270 946 3335 mentis
967 3271 1145 3352 stomacho,
1169 3272 1342 3338 materiam

294 3378 493 3460 “patronus
523 3372 701 3451 ruminans,
728 3372 908 3459 vidensque
938 3373 1066 3439 validos
1096 3374 1342 3441 adversantium

295 3481 452 3541 “ventos
481 3496 549 3540 suae
578 3474 775 3540 intentionis
806 3480 994 3562 satagentes
1026 3475 1170 3542 radicem
1193 3477 1341 3556 evellere,

296 3587 313 3612 “
333 3579 457 3664 Regem
479 3598 558 3642 mox
584 3577 678 3654 adiit,
701 3598 835 3663 suaeque
864 3578 1084 3644 infestationis
1114 3601 1246 3645 oausam
1267 3601 1341 3666 pro-

293 3691 312 3718 “
333 3681 454 3768 posuit,
485 3701 604 3745 cavens
634 3681 777 3760 omnino,
803 3701 845 3745 ne
874 3680 942 3746 levi
970 3681 1227 3769 malignantium
1256 3683 1342 3748 flatu

296 3792 313 3818 “
335 3788 548 3863 everteretur,
586 3783 676 3869 quod
716 3782 881 3848 maximas
921 3783 1049 3870 pridem
1089 3784 1265 3851 sudoribus
1306 3789 1342 3850 et

297 3896 313 3921 “
334 3884 521 3973 sumptibus
543 3905 642 3980 super
662 3905 751 3952 sanae
774 3885 971 3951 intentionis
991 3886 1183 3952 firmaverat
1204 3892 1340 3972 petram.

294 3997 311 4026 “
327 3989 437 4074 Cujus
468 3989 634 4074 querelam
666 3987 739 4053 Rex
769 3987 992 4054 serenissimus
1018 3987 1116 4054 docta
1146 3989 1341 4054 discretione

295 4097 314 4126 “
334 4091 547 4178 perpendens,
569 4111 630 4177 pro
660 4088 871 4177 ⁵opportun0
900 4089 1044 4156 remedio
1074 4091 1201 4156 concito
1230 4091 1341 4177 provi·

296 4203 314 4229 “
335 4192 442 4274 debat,
473 4215 548 4258 suas
584 4192 798 4258 Sanctissimo
828 4191 922 4258 Patri
955 4193 1124 4259 destinans
1152 4192 1341 4258 litterarum

294 4301 313 4330 “
335 4296 451 4383 spicea,
465 4317 564 4382 super
573 4294 803 4380 inquietudine
818 4299 853 4360 et
868 4292 1071 4360 “multifario
1079 4295 1271 4384 &ovamine
1282 4317 1343 4383 per

296 4397 558 4464 “venerabilem
581 4397 715 4463 Patrem
736 4397 924 4463 Johannem
947 4397 1059 4476 Stoke,
1083 4399 1207 4465 adturio
1228 4399 1340 4466 Abba·

294 4505 404 4566 “tem
434 4499 630 4566 Monasterii
660 4499 775 4566 Sancti
802 4499 935 4582 Albani,
948 4505 1076 4586 partem
1100 4501 1338 4586 adversantem,
1477 4512 1481 4533 ‘

1203 4683 1343 4692 Ἢ

328 4785 560 4837 ¹CartaminMS.
872 4781 985 4833 ⁴ilr'rcin
997 4782 1055 4836 Ma.

327 4864 472 4930 ’Required
485 4868 520 4931 by
531 4865 575 4917 llre
585 4871 697 4918 context.
872 4861 1112 4926 ‘oportuaoinMd

326 4943 593 5012 Mamertinus.
873 4939 1153 5008 ‘adaptamus
