3668 5842
502 928 677 976 rouuvvrs
699 927 983 978 wunrususrnns
1005 925 1183 976 susurrum.
1298 911 1361 974 239

313 1121 331 1150 “
354 1121 513 1193 mentum,
540 1138 615 1181 cum
648 1115 727 1182 licio
757 1113 936 1199 adjacente,
969 1115 1069 1181 simul
1101 1136 1175 1180 cum
1210 1111 1363 1180 omnibus
1376 1119 1445 1170 Al).
1459 1124 1533 1172 1⁴⁵6.

313 1225 331 1253 “
352 1218 565 1299 aisiamentis,
589 1223 624 1284 et
645 1217 773 1284 caeteris
799 1217 868 1282 suis
893 1215 1130 1304 ¹pertineutiis
1165 1237 1203 1282 ac
1232 1215 1363 1302 juribus

313 1327 330 1356 ‘³
353 1320 609 1408 quibuscunque,
625 1320 791 1408 praediotis
813 1320 990 1408 mesuagio,
1014 1319 1084 1385 sive
1106 1321 1304 1396 tenemento,
1328 1322 1363 1383 et

314 1429 332 1458 “
354 1423 440 1502 kaie,
460 1423 732 1511 qualitercunque
754 1421 1007 1510 pertinentibus,
1022 1443 1096 1508 quse
1110 1423 1155 1487 nd
1175 1427 1247 1487 octo
1263 1421 1364 1486 libras

314 1532 333 1562 “
355 1527 582 1592 extenduntur
603 1547 812 1613 perannum,
829 1530 951 1611 etquae
973 1531 1132 1590 tenentur
1148 1524 1187 1590 de
1210 1524 1306 1589 nobis
1328 1523 1365 1588 in

314 1635 333 1664 “
356 1629 495 1694 liberum
517 1628 722 1716 burgagium,
750 1629 836 1694 sicut
864 1632 939 1693 tots
966 1627 1095 1692 Civitas
1119 1625 1365 1694 Londonierum

314 1737 332 1766 “
355 1729 510 1812 tenetnr;
548 1737 648 1818 prout
677 1735 735 1820 pei·
764 1731 941 1818 quemdem
965 1729 1218 1816 Inquisitionem
1256 1751 1365 1796 eorem

315 1841 333 1867 “
356 1832 522 1899 Willelmo
545 1833 699 1912 Merovve,
724 1831 848 1919 Majore
876 1834 974 1899 dictae
1004 1832 1149 1898 civitatis
1174 1837 1305 1915 nostrae,
1328 1853 1366 1897 ec

317 1941 335 1970 “
358 1935 530 2001 Esosetore
544 1941 658 2002 nostro
672 1935 710 1998 in
724 1935 838 2001 eadem
854 1935 999 2015 civitate,
1014 1934 1056 2000 de
1079 1934 1235 2001 mandato
1251 1939 1365 2000 nostro

317 2047 333 2073 “
356 2043 493 2126 coptem,
517 2039 611 2104 etin
635 2037 871 2105 Oencellariem
900 2042 1047 2103 nostram
1078 2043 1290 2128 retornetem,
1314 2043 1365 2104 est

317 2147 334 2174 “
357 2147 579 2228 compertum3
601 2139 680 2205 dere
702 2139 837 2226 possint,
863 2143 898 2204 et
921 2139 1106 2221 concedere,
1126 2141 1273 2228 praefstis
1295 2140 1365 2206 Ab·

317 2251 335 2280 “
356 2243 428 2309 bati
458 2247 493 2309 et
514 2243 710 2324 Conventui,
732 2242 938 2334 habendum,
955 2249 989 2324 et
1022 2243 1203 2310 tenendum
1236 2243 1301 2309 sibi
1332 2247 1367 2310 et

317 2357 334 2381 “
356 2346 592 2413 successoribus
618 2347 686 2413 suis
715 2347 881 2433 praedictis
904 2343 963 2411 ²in
985 2351 1207 2434 perpetuum:
1237 2352 1271 2413 et
1303 2347 1364 2413 eis-

317 2447 334 2483 “
357 2450 432 2515 dem
454 2448 579 2515 Abbati
611 2454 644 2515 et
668 2448 865 2530 conventui,
889 2448 978 2536 quod
1008 2449 1071 2536 ipsi
1103 2450 1217 2516 eodem
1240 2472 1366 2516 mesuc-

317 2559 334 2586 “
356 2551 456 2638 gium,
479 2551 550 2617 sive
572 2557 805 2630 tenementum,
823 2555 857 2618 et
878 2551 1001 2631 keium,
1017 2574 1092 2618 curn
1104 2539 1311 2619 ‘aisiamenris
1333 2557 1367 2620 et

317 2661 335 2690 “
358 2653 483 2720 caeleris
519 2655 586 2720 suis
619 2654 837 2742 pertinentiis,
875 2677 913 2720 ec
945 2654 1076 2740 juribus
1106 2655 1365 2743 quibuscunque,

318 2764 335 2791 “
358 2756 523 2842 praedictis
546 2757 720 2846 mesuagio,
743 2757 812 2824 sive
833 2761 1032 2834 tenemento,
1049 2761 1083 2822 et
1106 2757 1192 2840 ksio,
1209 2759 1366 2844 qualiter-

318 2863 336 2892 “
359 2879 486 2945 cunque
515 2859 768 2946 pertinentibus,
801 2859 842 2925 de
871 2857 1018 2946 praefotis
1041 2858 1216 2947 Rndulpho
1250 2866 1285 2926 et
1307 2860 1367 2926 Jo-

318 2968 335 2995 “
358 2961 468 3027 henne
483 2961 625 3048 recipere
640 2961 776 3049 possint,
793 2965 828 3027 et
849 2964 962 3027 tenere
989 2961 1053 3026 sibi
1077 2966 1111 3028 et
1130 2963 1368 3029 successoribus

317 3071 333 3098 “
357 3064 424 3130 suis
457 3063 631 3151 praedictis,
654 3063 740 3130 sicut
769 3064 964 3150 proedictum
994 3068 1053 3146 est,
1076 3064 1137 3129 ”in
1162 3071 1367 3152 perpetuum,

317 3175 334 3201 “
356 3171 470 3232 tenore
499 3166 714 3253 praeseutium
736 3166 890 3232 similiter
919 3166 1085 3232 licentiam
1116 3167 1265 3234 dedimus
1296 3189 1368 3255 spe·

317 3277 334 3303 “
357 3268 481 3348 cinlem,
498 3267 634 3335 Stntuto
657 3268 816 3356 praedioto
838 3291 905 3335 nou
920 3267 1095 3350 obstant03
1117 3270 1266 3336 nolentes
1280 3269 1367 3358 quod

318 3377 336 3405 “
359 3370 489 3459 praefati
511 3371 705 3459 Redulphus
728 3375 764 3438 et
785 3371 962 3452 Johsnnes,
981 3373 1035 3438 vel
1057 3372 1203 3440 haeredes
1225 3375 1286 3455 sui,
1308 3379 1368 3439 aut

318 3482 335 3508 “
358 3474 508 3562 praedicti
541 3474 655 3541 Abbss
687 3479 722 3541 et
756 3473 956 3556 Conventus,
988 3495 1046 3541 sen
1079 3497 1275 3544 successores
1308 3477 1367 3558 sui,

319 3584 336 3611 “
359 3579 487 3643 ratione
517 3578 766 3664 praemissorum,
791 3599 849 3664 per
878 3599 946 3660 nos,
969 3577 1025 3643 vel
1055 3577 1200 3646 haeredes
1230 3584 1369 3658 nostros,

319 3685 336 3712 “
358 3679 574 3758 Justicierios,
597 3680 794 3762 Escaetmes
815 3679 1038 3760 Vieecomites‚
1061 3680 1285 3762 Coronetores,
1308 3689 1368 3749 eut

320 3787 337 3817 “
359 3781 440 3847 slios
454 3782 603 3863 ballivos,
615 3804 673 3848 seu
687 3782 863 3862 ministros,
872 3788 1002 3848 nostros
1014 3805 1232 3872 quoscunque,
1245 3785 1366 3851 futuris

320 3892 336 3920 “
361 3885 563 3972 temporibus
585 3884 811 3967 molestentur,
834 3885 1048 3972 impetantur,
1071 3887 1302 3974 inquietentur
1327 3889 1364 3952 in

319 3993 336 4020 “
357 3987 476 4073 aliquo,
500 4007 559 4052 seu
588 3991 778 4073 graventur,
801 4008 859 4053 seu
889 4009 1003 4054 eorum
1024 3989 1144 4076 aliquis
1166 3989 1367 4068 molestetur,

319 4098 337 4122 “
359 4089 548 4176 impetatur,
570 4089 774 4176 inquietetur
803 4089 841 4154 in
862 4090 982 4177 aliquo,
1006 4113 1064 4156 seu
1094 4095 1258 4178 gravetur.
1296 4089 1369 4156 Sel·

319 4199 335 4225 “
358 4191 409 4256 vis
434 4197 547 4258 tumen
578 4191 775 4279 capitalibus
808 4193 951 4259 dominis
981 4189 1070 4259 feodi
1100 4193 1189 4259 illius
1223 4193 1369 4260 servitiis

319 4300 335 4328 “
358 4295 435 4360 inde
458 4293 581 4360 debitis
603 4300 638 4360 et
659 4295 831 4362 consuetis.
878 4294 922 4360 In
944 4294 1038 4382 eujus
1063 4295 1110 4362 rei
1133 4296 1369 4375 testimonium,

320 4402 337 4431 “
360 4395 420 4464 hes
453 4397 596 4464 Litteras
629 4401 759 4463 nostras
792 4397 866 4462 fieri
895 4397 1031 4465 fecimus
1063 4397 1227 4467 Potentes.
1273 4399 1369 4465 Teste

319 4506 336 4533 “
358 4499 490 4587 meipso,
525 4499 612 4586 opud
643 4499 981 4579 Westmonssterium,
1021 4500 1278 4587 quinto-decimo
1316 4502 1370 4568 die

320 4607 341 4636 “'
362 4600 453 4684 Maii,
478 4623 564 4667 nuno
587 4601 682 4690 regni
705 4603 811 4668 nostri
834 4601 999 4669 tricesimo
1023 4602 1169 4690 querto.'’

353 4877 548 4943 watinensem
558 4877 586 4928 in
597 4877 654 4929 MS.
837 4877 842 4946 Ι
890 4877 1081 4947 'improperarem
1092 4881 1120 4932 in
1132 4883 1189 4936 Ms.
