3560 5838
447 923 512 986 428
594 909 596 920 ’
781 907 981 992 aaursraou
1002 939 1159 991 renarra

279 1133 389 1248 plcans
446 1123 687 1212 elucidavitque
717 1149 790 1194 eam
820 1128 964 1211 metrice,
992 1127 1268 1215 quemadmodum
1299 1128 1423 1194 ibidem
1453 1127 1494 1194 ad

278 1199 417 1316 affl*
446 1227 577 1292 oculum
601 1229 785 1316 expressius
807 1231 1059 1299 demonstratur.

278 1362 332 1412 qq,
346 1361 401 1411 first
490 1329 586 1408 Item,
615 1330 745 1396 cuidam
775 1333 876 1400 militi
904 1332 1050 1412 factioso,
1073 1341 1091 1368 “
1104 1333 1239 1400 Tbomae
1269 1331 1497 1399 Oharletone’'

278 1427 642 1549 ἓξξθέἐὲἑηιιιιιιοιιριιιο,
664 1435 798 1501 conanti
827 1457 886 1522 per
907 1434 1161 1502 ¹auctoritatem
1184 1433 1399 1500 Parliamenti
1426 1456 1495 1499 ma·

278 1561 381 1611 chorre-
445 1555 571 1600 nemum
598 1536 638 1602 de
662 1537 824 1602 Burstone
853 1537 897 1602 ab
920 1536 1053 1603 ecclesia
1083 1537 1251 1624 surripere,
1279 1541 1315 1601 et
1344 1533 1388 1601 ad
1417 1557 1495 1601 usus

277 1626 433 1744 322¹}ngss
444 1639 590 1724 proprios
630 1638 799 1726 applicare,
836 1647 907 1704 tam
940 1645 1094 1727 potenter
1130 1640 1166 1703 in
1203 1639 1320 1704 faciem
1358 1638 1493 1719 restitit,

277 1745 575 1826 censorumque
598 1741 776 1828 prudenter
804 1742 972 1809 favoribus
1002 1743 1182 1808 amicorum
1216 1741 1281 1807 sibi
1310 1741 1490 1807 contradici

275 1826 390 1943 gfff*
441 1843 640 1928 procuravit,
664 1843 751 1930 quod
772 1843 925 1926 finaliter,
950 1844 1027 1910 licet
1049 1845 1138 1909 inter
1162 1843 1360 1910 Communes
1391 1842 1492 1910 fuerit

442 1943 640 2023 Prolocutor,
662 1945 841 2011 frustratus
863 1952 934 2011 erat
955 1967 976 2011 a
1006 1944 1182 2032 proposito,
1204 1944 1403 2030 recessitque
1425 1965 1492 2008 non

441 2045 551 2111 minus
578 2045 704 2112 derisus
726 2035 822 2134 quam
847 2047 980 2112 delusus
1010 2068 1070 2133 pro
1093 2051 1165 2112 toto
1198 2045 1310 2113 labore
1332 2067 1399 2112 suo.
1449 2045 1493 2111 Et

440 2146 524 2213 circs
545 2148 630 2213 hanc
659 2148 878 2215 resistentiam
903 2155 938 2214 et
967 2149 1135 2214 defensam
1159 2147 1352 2236 expendisse
1387 2147 1493 2214 fertur

438 2249 530 2315 ultra
550 2273 711 2316 summam
734 2251 856 2338 viginti
879 2251 981 2316 trium
1008 2251 1178 2318 librarum.

273 2367 412 2443 Dacharge
483 2353 579 2434 Item,
601 2353 784 2419 manerium
816 2353 857 2418 de
886 2353 1048 2440 Legattys
1081 2353 1117 2417 in
1140 2351 1289 2429 Walden,
1317 2358 1490 2418 oneratum

274 2434 403 2496 ⁰f²l¹¹¹*
439 2462 474 2522 et
496 2463 720 2542 oppressatum
744 2478 819 2522 oum
842 2456 983 2542 quodam
999 2454 1261 2542 quieto-redditu
1282 2454 1392 2521 decem
1415 2455 1491 2520 soli-

273 2509 329 2550 renr
339 2501 387 2549 dus

273 2565 339 2617 from
350 2567 392 2615 the
439 2558 557 2625 dorum
588 2569 623 2624 et
645 2558 783 2624 duomm
807 2557 1026 2637 denariorum,
1049 2557 1244 2623 exeuntium
1267 2556 1308 2622 de
1340 2577 1428 2622 anno
1454 2557 1491 2622 in

274 2633 408 2764 ἓξὲξ
439 2682 563 2726 annum
585 2660 628 2725 ad
651 2661 835 2726 manerium
856 2661 897 2726 de
912 2659 1044 2745 Bushey
1061 2659 1097 2725 in
1114 2659 1296 2745 Kympton,
1310 2657 1490 2736 libertavit,

179 2819 183 2826 .
275 2765 427 2817 inwnden.
440 2762 640 2841 exoneravit,
673 2785 710 2828 ac
741 2762 856 2828 taliter
888 2786 910 2828 a
940 2763 1103 2828 servitute
1136 2761 1196 2826 illa
1225 2760 1429 2839 clarificavit,
1450 2767 1491 2827 ut

441 2865 592 2932 dominus
615 2866 696 2933 dicti
721 2865 859 2930 manerii
890 2865 1021 2930 litteras
1051 2863 1295 2930 clarificationis
1326 2863 1491 2942 scriberet,

441 2968 668 3056 relaxaretque
700 2967 826 3034 dictum
848 2965 1021 3032 ¹annuum
1053 2965 1232 3046 redditum,
1263 2987 1302 3032 ac
1331 2965 1491 3052 quietum,

441 3075 510 3136 tam
540 3093 600 3157 pro
622 3092 656 3136 se
678 3091 778 3156 quam
798 3090 859 3156 pro
890 3069 958 3134 suis
989 3067 1183 3147 haeredibus,
1205 3065 1264 3133 ain
1294 3072 1490 3156 perpetuum

441 3173 642 3240 acclamaret.
687 3173 733 3239 Et
755 3173 840 3238 circa
865 3171 949 3238 banc
981 3170 1227 3250 relaxationem,
1250 3171 1320 3236 eive
1342 3171 1490 3258 quietam

440 3276 719 3356 acclamationem,
734 3273 922 3362 exposuisse
943 3273 1049 3340 fertur
1070 3273 1107 3338 in
1129 3271 1286 3360 pecuniis,
1301 3294 1359 3360 per
1374 3293 1490 3338 manus

440 3379 584 3446 custodis
607 3401 674 3445 sura
705 3376 931 3458 ordinationis,
955 3375 1044 3442 ultra
1075 3397 1238 3442 summam
1261 3375 1370 3442 decem
1403 3396 1490 3440 mar-

440 3503 560 3549 carum.

273 3606 400 3657 ruiense
485 3583 581 3662 Item,
612 3582 649 3646 in
679 3581 993 3669 augmentationem,
1016 3580 1274 3667 ampliationem,
1297 3584 1334 3645 et
1363 3579 1488 3667 elerge-

272 3672 418 3804 gfflffin
439 3686 572 3762 tionem,
588 3681 727 3750 dominii
749 3688 911 3749 terrarum
934 3684 975 3749 de
991 3681 1169 3768 Sqnyllers,
1188 3681 1384 3768 perquisivit
1406 3682 1490 3748 duas

325 3755 342 3803 y
439 3787 596 3877 percellas
625 3791 731 3866 terrae,
755 3807 829 3852 cum
861 3807 928 3851 uno
957 3783 1146 3862 columbari,
1165 3783 1314 3870 jacentes
1346 3783 1488 3871 deprope

439 3891 560 3956 toftum
585 3887 668 3956 dieti
697 3888 836 3955 dominii
848 3913 857 3970 ;
884 3893 918 3954 et
949 3888 1034 3954 circa
1065 3887 1183 3952 barum
1216 3886 1487 3972 perquisitionem

439 3997 610 4074 terrarum,
640 3991 949 4078 possessionemque,
981 3989 1175 4070 habendam,
1203 3987 1330 4052 remisit
1363 4009 1488 4074 posses-

439 4095 505 4160 sori
527 4095 568 4160 de
583 4093 695 4161 debito
717 4092 864 4178 antiquo,
880 4097 979 4179 prout
1000 4090 1156 4157 scribitur
1170 4089 1251 4155 alibi
1273 4089 1309 4155 in
1324 4089 1486 4178 Registm,

438 4219 507 4264 non
529 4217 667 4284 paucam
689 4216 849 4261 summam
872 4193 1092 4282 pecuniarum.

271 4321 397 4373 sarver-
484 4298 580 4377 Item,
596 4302 635 4363 ut
657 4297 719 4362 hoc
740 4296 847 4362 adbuc
863 4295 1002 4362 ulterius
1022 4295 1058 4360 in
1074 4293 1144 4378 ejus
1166 4291 1328 4360 effloreret
1349 4293 1487 4372 actibus,

272 4388 398 4455 tumme
439 4400 527 4488 quod
548 4399 620 4466 Deo
651 4399 801 4485 placeret,
824 4405 860 4464 et
883 4397 1004 4465 Sancto
1026 4397 1165 4474 Albano,
1186 4396 1397 4483 praemiisque
1429 4395 1487 4460 ha-

270 4455 415 4572 lbidgufiile
440 4504 532 4570 beret
569 4501 753 4569 enumerari
794 4501 990 4579 caelestibus,
1027 4505 1101 4586 post
1146 4499 1315 4585 expletum
1354 4520 1485 4564 cursum

473 4764 480 4796 ¹
493 4765 648 4813 autoretatem
659 4761 684 4811 in
696 4759 753 4812 MS.
1017 4757 1029 4790 ³
1040 4757 1213 4824 irnperpetrram
1223 4754 1251 4804 in
1262 4753 1320 4806 MS.

472 4845 482 4877 ²
494 4857 583 4893 annum
594 4842 621 4892 in
632 4841 688 4893 MS.
