3640 5842
432 905 433 908 ’
468 901 533 966 394
801 915 998 965 nuersrnuu
1019 913 1176 964 usnemu

292 1101 448 1156 All-14⁶1·
467 1097 573 1178 batur,
596 1099 707 1166 diceus
719 1106 791 1180 ;-“
802 1099 1000 1166 Benedictus
1021 1099 1067 1166 sit
1089 1097 1251 1165 Dominus
1268 1097 1360 1162 Deus
1374 1095 1440 1173 ille,
1454 1094 1514 1180 qui

467 1205 576 1265 “tam
609 1223 731 1289 magna
766 1202 845 1268 fecit
882 1202 920 1266 in
956 1202 1078 1288 populo
1116 1202 1238 1280 Boreae,
1275 1204 1316 1264 ut
1352 1196 1514 1264 sufficeret

467 1307 484 1336 “
505 1325 651 1382 uxorem,
690 1305 734 1370 ad
771 1309 901 1392 tempus
937 1304 1162 1382 divortiatam,
1203 1301 1379 1368 restituere
1419 1299 1514 1364 nobis

466 1411 484 1440 “
505 1405 637 1484 iterum,
664 1407 844 1494 fugereque
867 1407 977 1473 hostes
1003 1428 1117 1473 omnes
1142 1406 1179 1470 in
1205 1427 1244 1471 ea
1266 1408 1360 1491 parte
1389 1401 1512 1478 obvios,

292 1514 423 1591 aserer-
467 1511 486 1540 “
507 1528 547 1572 ac
576 1507 710 1574 demum
739 1509 781 1574 de
809 1508 889 1596 ipsis
918 1509 1057 1575 feliciter
1087 1504 1318 1594 triumphare?
1379 1503 1425 1570 Et
1449 1503 1514 1568 hiis

292 1595 448 1708 ffiffih,
466 1609 571 1687 dictis,
601 1611 666 1678 iter
698 1611 847 1697 arripuit,
871 1609 1000 1677 1creato
1030 1617 1144 1676 tamen
1169 1610 1260 1697 prius
1276 1629 1349 1698 'suo
1378 1607 1447 1672 filio
1477 1607 1513 1670 in

292 1715 412 1792 enecon-
467 1711 615 1792 militem,
631 1735 745 1780 versus
760 1713 1018 1794 Monasterium3
1041 1713 1101 1778 ubi
1125 1713 1168 1778 ab
1194 1711 1329 1778 Abbate
1343 1713 1378 1776 et
1401 1709 1513 1774 fratri-

291 1781 448 1912 ffifflood
466 1814 528 1879 bus
552 1819 718 1902 susceptus
741 1815 918 1882 honorifice
944 1815 1032 1893 satis,
1053 1815 1236 1881 ducebatur
1261 1835 1337 1879 cum
1356 1809 1513 1898 ”hymnis

292 1910 409 1978 uponhis
466 1919 501 1981 et
525 1917 783 1982 confessionibus
808 1917 852 1982 ad
873 1917 979 1983 altere
1004 1919 1120 2004 majus,
1145 1916 1263 1983 deinde
1290 1916 1333 1980 ad
1348 1915 1514 1990 feretrum,

291 1981 447 2164 {iffae
466 2018 585 2184 pieinde
599 2019 643 2084 ad
657 2041 902 2186 eameratmapiuae
917 2020 1022 2086 solitae
1035 2019 1275 2186 hoislpitationis.
1307 2016 1513 2185 'friaplsquam

482 2142 535 2184 am
554 2143 577 2184 n
1437 2139 1512 2182 eum

292 2181 393 2245 Abbey.
465 2141 867 2310 Abbeas,1diriiiiipilicavit
885 2143 1058 2309 osiridiffis,
1079 2141 1428 2310 inalpiiaesaiorildiionem
1442 2227 1512 2286 tem

464 2324 563 2405 villae,
579 2347 678 2410 quam
693 2326 793 2391 etiam
817 2325 968 2403 ecclesiae,
982 2348 1004 2390 a
1022 2325 1139 2413 rapina
1162 2331 1198 2390 et
1220 2324 1424 2411 spoliatione,
1440 2323 1523 2408 dig-.

464 2431 600 2491 naretur
624 2427 742 2513 jubere
777 2428 962 2514 generalem
991 2427 1291 2515 proclamationem,
1320 2425 1514 2513 prohibitio-

412 2609 414 2613 ·
464 2549 604 2614 nemque
627 2531 689 2594 sub
713 2551 812 2616 poena
827 2529 1028 2607 districtiori,
1052 2529 1133 2608 fieri,
1160 2550 1203 2594 ne
1229 2529 1311 2615 quis,
1335 2528 1376 2594 de
1398 2549 1512 2615 campo

465 2630 509 2695 ad
532 2631 649 2696 viliam
672 2633 816 2711 veniens,
841 2632 1037 2718 protendere
1061 2636 1275 2730 praesumeret
1298 2651 1374 2696 suas
1395 2652 1513 2696 manus

465 2734 508 2798 ud
530 2739 641 2799 actum
664 2733 817 2800 illicitum
840 2734 1013 2821 spoliandi.

292 2849 385 2902 Acus
512 2835 610 2916 Quod
633 2837 711 2902 licet
728 2837 904 2923 benignius
926 2843 1096 2914 annueret,
1110 2837 1308 2923 juberetque
1330 2836 1375 2901 ad
1396 2836 1512 2902 statim

292 2918 448 3034 ᾖᾞθὼε
465 2939 514 3004 ita
543 2939 624 3020 fieri,
649 2960 746 3004 nemo
771 2945 883 3005 tamen
907 2941 1024 3018 fuerat,
1049 2940 1107 3025 qui
1130 2939 1380 3024 proclamationi
1402 2939 1512 3024 scqui-

291 2999 362 3116 Keing
369 2992 449 3102 ibus
467 3047 587 3120 everat,
605 3047 665 3107 aut
685 3041 721 3106 in
747 3041 858 3128 aliquo
882 3064 920 3108 eo
947 3043 1045 3108 citius
1069 3065 1090 3108 a
1112 3041 1305 3128 spoliatione
1323 3041 1512 3108 abstineret

291 3119 415 3180 'pm'
466 3145 571 3209 Erant
592 3145 681 3209 enim
703 3165 816 3210 omnes
839 3144 987 3210 libertati
1008 3143 1243 3230 licentiatique,
1265 3149 1365 3230 prout
1387 3167 1513 3210 asseru-

291 3183 386 3234 metior

292 3250 400 3328 against·
467 3253 571 3328 erant,
601 3269 661 3333 per
690 3247 853 3334 Reginam
882 3252 917 3312 et
945 3267 1095 3333 proceres
1124 3246 1283 3324 Boreales‚
1310 3246 1354 3310 ad
1383 3247 1513 3334 rapien-

289 3318 453 3434 {ffinfflffl
467 3349 546 3414 dum
570 3354 605 3414 et
620 3348 816 3435 capiendum
836 3349 993 3436 quicquid
1012 3349 1134 3414 alicubi
1150 3349 1296 3413 locorum
1313 3347 1397 3414 citra
1411 3349 1512 3415 Tren

290 3464 447 3566 {maht-⁸
465 3457 536 3517 tam
575 3450 723 3516 invenire
749 3456 927 3567 poterant,
956 3474 1015 3538 per
1043 3452 1133 3517 viam
1168 3452 1442 3517 remunerationis
1478 3457 1513 3519 et

291 3585 404 3632 eramen
465 3553 775 3641 recompensationis
815 3575 875 3640 pro
907 3553 1074 3620 laboribus
1115 3552 1191 3620 suis.
1250 3553 1295 3618 Et
1333 3559 1513 3641 propterea,

233 3645 236 3654 ’
291 3645 447 3766 ffffih‘i‘
467 3655 585 3720 timore
600 3660 789 3740 terroreque
804 3655 1004 3742 postpositis,
1020 3655 1164 3742 prolapsi
1180 3655 1317 3720 fuerunt
1331 3656 1368 3720 in
1383 3662 1515 3744 raptum

291 3731 440 3847 plirnderon
467 3761 501 3822 et
515 3757 666 3844 rapinam
689 3754 795 3844 8pene
818 3779 939 3836 omnes,
954 3757 992 3822 in
1014 3757 1153 3844 singulis
1173 3757 1242 3822 suis
1263 3757 1374 3823 verbis
1397 3761 1515 3825 scurris

289 3848 440 3966 ffiffip
467 3859 627 3938 foediores,
654 3859 708 3924 vel
732 3859 818 3938 lixis,
840 3860 878 3924 in
901 3861 997 3926 factis
1023 3881 1101 3925 vero
1125 3860 1307 3946 rapaciores
1324 3860 1378 3926 vel
1402 3863 1511 3940 milvo,

291 3981 430 4034 dement.
466 3963 521 4029 vel
542 3963 684 4042 vulture,
708 3962 763 4027 vel
793 3962 880 4049 lupo,
912 3962 966 4027 vel
988 3961 1119 4049 tigride,
1147 3962 1203 4027 vel
1224 3983 1418 4049 quocunque
1448 3965 1513 4032 alio

340 4062 342 4066 ’
464 4087 585 4153 genere
607 4063 739 4130 ‘rabidi
762 4064 913 4129 animalis
925 4087 933 4143 ;
963 4085 1032 4130 non
1061 4064 1283 4143 advertentes,
1304 4086 1365 4131 nec
1390 4066 1513 4134 intelli·

466 4190 543 4256 gere
558 4168 717 4244 volentes,
734 4166 824 4252 quod
840 4165 1004 4232 Dominus
1026 4188 1094 4232 non
1117 4166 1224 4231 solum
1238 4166 1390 4253 prohibet
1405 4169 1513 4236 aliena

466 4292 534 4336 non
547 4291 669 4357 rapere,
684 4267 809 4334 ⁵immo
824 4269 934 4347 etiam,
949 4291 1023 4334 cum
1037 4268 1097 4334 lite
1112 4269 1244 4357 propria
1257 4275 1420 4356 repetere;
1435 4275 1513 4360 quia

498 4580 658 4633 ¹Edwurdus
684 4579 806 4647 Priscum
836 4580 967 4646 iuriquituc
1043 4579 1241 4645 ³puresinMS.

468 4664 573 4730 equestri
595 4659 712 4710 ordines
725 4658 968 4726 patra-Margiunl
1044 4658 1187 4724 ⁴rnpidiiu
1198 4659 1254 4710 MS.

468 4744 542 4803 Note,
554 4741 670 4806 byLord
680 4738 793 4791 William
804 4739 923 4790 Horrard.
1045 4739 1055 4768 ⁸
1064 4737 1223 4802 monus.

498 4822 510 4855 ²
518 4821 596 4885 ymnis
606 4820 633 4872 in
644 4819 701 4872 MS.
