3588 5838
449 878 493 942 60
783 891 980 942 auursmmr
1002 891 1158 942 susurre

277 1087 466 1141 Ab.14s1.“
487 1080 590 1167 ipsius
628 1083 763 1148 Domini
806 1083 905 1169 Regis
940 1081 1005 1146 ¹in
1039 1087 1233 1170 perpetuum
1264 1103 1496 1170 permansura;

447 1189 466 1217 “
487 1183 577 1250 idem
604 1184 767 1251 Dominus
798 1185 879 1265 Rex,
911 1185 1058 1273 praefatis
1083 1185 1212 1251 Abbati
1242 1192 1277 1251 et
1308 1185 1495 1252 conventui

447 1291 464 1319 “
486 1286 744 1354 satisfactionem
758 1287 835 1353 inde
859 1287 1055 1374 condignam
1070 1288 1175 1354 facere
1192 1288 1315 1366 volens,
1331 1289 1371 1352 de
1386 1287 1495 1374 gratis

446 1395 464 1421 “
486 1410 545 1454 sua
565 1390 706 1476 speciali,
722 1395 756 1456 et
774 1391 816 1456 de
836 1391 1039 1456 avisamento
1065 1390 1205 1456 Consilii
1228 1389 1289 1468 sui,
1304 1389 1347 1454 ad
1362 1389 1494 1455 laudem

447 1499 464 1524 “
486 1497 521 1556 et
547 1492 703 1558 honorem
727 1493 799 1574 Dei,
824 1493 938 1558 Beatae
964 1491 1079 1558 Mariae
1104 1491 1259 1578 Virginis,
1284 1513 1322 1557 ac
1351 1491 1393 1557 ob
1424 1512 1495 1578 spe·

446 1600 463 1626 “
486 1594 599 1660 cialem
621 1595 830 1661 devotionem
850 1616 949 1686 quam
966 1593 1011 1658 ad
1032 1594 1191 1660 Sanctum
1207 1592 1386 1674 Albanum,
1402 1595 1495 1681 regni

447 1702 463 1729 ‘¹
488 1697 538 1762 sui
559 1697 690 1784 Angliae
711 1697 1025 1782 ⁹Pr0e0marsyrom,
1046 1697 1149 1784 gessit
1168 1701 1202 1762 et
1224 1697 1352 1776 habuit,
1366 1717 1495 1761 necnon

447 1807 464 1834 “
489 1799 525 1863 in
554 1800 890 1888 recompensationem
919 1803 956 1864 et
990 1798 1248 1865 satisfactionem
1272 1798 1429 1885 jocalium
1458 1802 1493 1863 et

446 1907 755 1968 “ornamentorum
783 1902 1024 1989 praedictorum,
1053 1901 1095 1966 de
1119 1902 1229 1988 gratia
1254 1922 1314 1966 sua
1327 1900 1493 1987 praedicta,

446 2010 463 2039 “
486 2009 522 2069 et
548 2005 589 2069 de
610 2005 815 2070 avisamento
836 2003 974 2070 Consilii
1000 2003 1052 2070 sui
1077 2003 1237 2091 praedicti,
1252 2003 1419 2081 concessit,
1434 2025 1493 2089 pro

445 2110 465 2141 “
486 2128 521 2172 se
545 2112 579 2172 ct
604 2107 789 2173 haeredibus
815 2107 893 2186 suis,
917 2111 1079 2192 quantum
1104 2107 1141 2170 in
1165 2107 1236 2193 ipso
1266 2106 1341 2187 fuit,
1371 2105 1491 2172 eisdem

445 2209 614 2274 “Abbati
638 2215 673 2275 ct
700 2208 898 2290 Conventui,
925 2214 960 2275 et
983 2209 1219 2275 successoribus
1243 2209 1320 2287 suis,
1346 2230 1404 2295 per
1433 2230 1492 2273 no-

444 2319 460 2344 “
483 2310 574 2376 mina
589 2311 733 2376 Abbatis
748 2312 771 2377 J
774 2311 914 2377 ohannis
929 2318 963 2377 et
979 2311 1171 2378 Conventus
1191 2311 1318 2376 Domus
1334 2317 1369 2376 et
1383 2310 1492 2377 Eccle-

443 2420 461 2448 “
482 2414 540 2480 siae
555 2415 596 2480 de
612 2414 735 2480 Sancto
751 2414 892 2496 Albano,
909 2419 944 2480 et
959 2435 1179 2480 successorum
1194 2435 1336 2495 suorum,
1354 2435 1428 2500 quae
1450 2413 1491 2479 de

442 2521 460 2552 “
483 2517 675 2582 fundatione
701 2517 951 2604 progenitorum
974 2519 1077 2604 ipsius
1100 2517 1237 2582 Domini
1265 2516 1373 2605 Regis,
1389 2538 1492 2602 quon-

443 2625 461 2654 “
484 2619 561 2684 dam
587 2617 718 2706 Regum
745 2619 889 2708 Angliae,
915 2625 950 2684 et
974 2619 1079 2706 ipsius
1109 2619 1245 2685 Domini
1277 2619 1376 2706 Regis
1406 2641 1493 2685 nunc

443 2729 460 2760 “
483 2728 667 2809 patronatu,
684 2723 808 2801 existit,
827 2722 916 2809 quod
941 2723 1014 2810 ipsi,
1039 2723 1082 2788 ad
1109 2723 1291 2810 quamlibet
1315 2723 1492 2788 concessio·

441 2831 459 2860 “
482 2847 568 2907 nem,
595 2825 635 2891 de
656 2826 862 2892 concessione
887 2826 1025 2912 alicujus
1052 2826 1185 2891 decimae
1215 2831 1274 2890 aut
1306 2826 1493 2892 medietatis

442 2935 459 2962 “
482 2928 624 3009 decimae,
650 2928 757 2994 eidem
782 2927 926 2994 Domino
955 2927 1039 3014 Regi
1063 2949 1158 3008 nunc,
1181 2950 1238 2994 seu
1263 2927 1363 2994 alicui
1389 2927 1491 2994 haere·

441 3031 562 3096 “dum
588 3053 730 3113 suorum,
758 3052 816 3117 per
845 3031 967 3097 clerum
998 3031 1093 3118 regni
1123 3031 1174 3095 sui
1203 3030 1337 3117 Angliae
1368 3038 1491 3097 extunc

441 3139 459 3168 “
481 3133 623 3198 fiendam
650 3155 707 3198 seu
735 3134 982 3213 concedendam,
998 3138 1107 3199 essent
1128 3133 1233 3220 quieti
1260 3138 1295 3198 et
1320 3134 1491 3200 exonerati

443 3240 461 3270 “
484 3257 562 3321 erga
591 3235 701 3320 ipsum
732 3234 913 3300 Dominum
944 3237 1077 3323 Regem·
1099 3241 1134 3302 ct
1163 3235 1309 3302 haeredes
1335 3259 1420 3316 suos
1448 3237 1490 3303 de

442 3345 460 3372 ‘¹
483 3336 604 3424 viginti
618 3336 713 3402 libris
731 3337 772 3402 de
796 3337 984 3423 hujusmodi
1006 3337 1141 3418 decima,
1157 3341 1191 3404 et
1213 3339 1255 3403 de
1271 3339 1382 3404 decem
1397 3338 1491 3405 libris

442 3445 460 3472 “
482 3438 522 3503 de
538 3439 715 3504 medietate
738 3437 880 3517 decimae,
896 3439 941 3506 sie
961 3441 1127 3518 concessis,
1142 3462 1201 3528 per
1222 3441 1310 3528 ipsos
1323 3440 1490 3508 Abbatem

441 3548 459 3576 “
482 3547 516 3606 et
531 3541 750 3622 conventum,
765 3541 835 3606 sive
850 3562 908 3627 per
922 3563 1118 3608 successores
1133 3563 1216 3623 suos,
1234 3543 1336 3630 juxta
1351 3544 1490 3610 formam

442 3644 724 3710 “concessionum
754 3643 885 3708 illarum
919 3645 1094 3722 solvendis,
1126 3667 1295 3732 quousque
1326 3646 1490 3732 praedictis

440 3754 458 3784 ‘⁶
479 3745 607 3812 Abbati
623 3751 657 3812 et
672 3745 860 3812 Conventui
875 3747 1018 3812 solutum
1036 3747 1128 3826 foret,
1146 3749 1182 3813 in
1199 3747 1304 3814 forma
1322 3748 1488 3836 praedicta,

441 3857 457 3884 ‘⁶
480 3849 521 3914 de
539 3870 667 3914 summa
684 3855 913 3942 sexcentarum
928 3848 1088 3915 librarum
1109 3871 1167 3937 per
1184 3850 1292 3937 ipsum
1309 3848 1489 3916 Dominum

442 3959 459 3989 ‘⁴
483 3951 607 4039 Regem
627 3973 714 4018 nuno
737 3951 859 4017 eisdem
877 3951 1004 4018 Abbati
1029 3957 1064 4017 ct
1084 3953 1273 4018 Conventui
1294 3952 1416 4032 debite,
1432 3975 1490 4018 seu

441 4055 673 4141 “peripsum
697 4053 877 4120 Dominum
904 4054 1036 4142 Regem,
1053 4060 1087 4120 et
1109 4054 1253 4121 haeredes
1269 4076 1352 4134 auce,
1366 4054 1488 4121 eisdem

440 4157 605 4222 “Abbati
629 4161 664 4222 et
691 4156 886 4237 Conventui,
911 4162 946 4221 et
969 4157 1206 4222 successoribus
1228 4157 1303 4234 suis,
1329 4157 1489 4222 dediciis

439 4259 644 4326 “sexcentis
678 4259 779 4338 libris,
814 4263 875 4323 aut
908 4259 949 4324 de
981 4281 1019 4324 eo
1051 4259 1140 4347 quod
1178 4259 1256 4325 iude
1292 4259 1490 4346 superfuerit

442 4367 459 4396 “
482 4361 673 4438 insolutum,
689 4365 971 4447 recompensatum
997 4360 1090 4440 foret,
1111 4368 1211 4448 prout
1230 4361 1267 4425 in
1279 4361 1403 4427 eisdem
1421 4361 1490 4426 Lit-

440 4472 457 4500 “
480 4465 560 4529 teris
578 4464 774 4530 Patentibus
790 4463 919 4550 plenius
939 4465 1148 4530 continetur:
1171 4486 1245 4551 quas
1269 4465 1402 4551 quidem
1418 4463 1489 4528 Lit-

441 4575 457 4602 “
481 4574 560 4633 terae
598 4567 754 4633 Pateutes
792 4568 957 4646 confectae,
993 4567 1156 4655 sigillatas,
1195 4572 1230 4632 et
1271 4568 1360 4632 dieto
1399 4589 1489 4632 nuno

475 4823 662 4892 ¹imperpctuum
673 4823 699 4873 in
711 4823 768 4878 MS.
955 4821 961 4891 Ι
1008 4821 1244 4874 'Ptotdorucrtircm
1255 4822 1282 4872 in
1292 4821 1360 4873 MS.'
