3640 5842
529 888 702 940 sossssrs
725 888 1007 940 wnm'ssusrsnn
1029 891 1207 941 securos.
1321 878 1385 944 329

342 1079 361 1110 “
383 1072 496 1140 officiis
518 1079 554 1140 et
575 1073 748 1161 obsequiis,
764 1074 800 1139 in
823 1095 989 1141 cereorum
1011 1075 1237 1155 luminaribus,
1252 1075 1289 1142 in
1303 1099 1389 1143 com·
1401 1099 1471 1152 Ap,
1484 1102 1555 1150 1459.

343 1181 361 1210 “
383 1195 544 1262 penarum
566 1176 886 1263 compulsationibus,
910 1177 946 1241 in
969 1178 1158 1265 caeterisque
1184 1179 1258 1244 eliis
1288 1179 1390 1244 osite·

343 1287 360 1314 ‘¹
382 1278 436 1357 tis,
471 1300 570 1363 quem
608 1278 748 1345 solemus
785 1299 915 1344 servare
952 1285 987 1345 et
1024 1280 1245 1347 concelebrare
1282 1281 1390 1346 Anni·

344 1386 362 1416 “
383 1379 528 1446 versaris
572 1380 866 1447 illustrissimorum
903 1381 1149 1468 progenitorum
1194 1388 1388 1463 vestrorum,

342 1489 361 1516 “
384 1483 521 1548 Henrici
552 1483 706 1561 Secundi,
726 1483 883 1548 Edwardi
914 1483 1063 1563 Secundi,
1085 1489 1131 1564 et,
1153 1485 1240 1550 dives
1269 1506 1391 1551 memo·

344 1589 363 1617 “
384 1583 453 1662 riae,
483 1583 620 1649 Henrici
659 1583 786 1664 Quinti,
823 1584 927 1671 petris
957 1585 1082 1666 vestri;
1120 1586 1229 1672 sicque
1251 1607 1390 1665 servare,

344 1683 613 1766 “celebrasset
643 1688 843 1766 continuere,
873 1687 1107 1772 promittimus,
1138 1709 1197 1753 nos
1223 1710 1261 1754 oc
1291 1690 1391 1755 etism

345 1791 364 1822 “
386 1787 579 1874 obligemus,
600 1793 674 1874 post
696 1793 842 1854 vestrum
874 1789 1038 1854 decessum
1068 1811 1163 1855 omne
1189 1812 1247 1876 per
1271 1812 1390 1870 sevum,

346 1889 422 1952 “in
444 1889 562 1956 saecule
584 1890 784 1956 saeculorum.
831 1890 949 1957 Amen.

389 1998 407 2025 “
422 1990 464 2055 In
487 2012 625 2077 querum
656 1992 803 2057 omnium
829 1993 1072 2058 concessionum
1103 1994 1238 2080 plenum
1261 2017 1392 2082 expres·

346 2098 523 2178 “sumque
560 2095 795 2173 testimonium,
825 2095 862 2159 in
892 2095 1055 2182 fidemque
1092 2097 1222 2182 plenem
1251 2120 1289 2164 sc
1325 2097 1393 2185 ple·

347 2202 364 2229 “
385 2195 520 2273 neriam,
559 2175 610 2260 sd
640 2195 817 2282 perlectam
854 2203 1110 2284 perpetuamque
1148 2199 1392 2265 observantiam

346 2297 534 2363 “omnium
566 2298 814 2384 praemissorum,
838 2305 895 2366 sut
925 2321 985 2386 per
1013 2321 1082 2380 nos,
1108 2307 1167 2366 sut
1198 2323 1393 2369 successores

347 2406 365 2433 “
387 2404 525 2478 nostros,
558 2421 627 2478 nos,
658 2398 834 2478 Johsnnes,
865 2401 978 2466 Abbas
1012 2401 1206 2484 antedictus,
1239 2410 1274 2470 et
1308 2405 1392 2472 Con-

347 2508 364 2535 “
388 2507 516 2580 ventus,
546 2503 755 2590 opposuimus
783 2503 860 2568 huic
891 2503 1012 2590 scripto
1049 2509 1119 2570 tom
1152 2506 1296 2593 sigillum
1328 2508 1393 2573 mei

348 2611 365 2638 “
388 2603 558 2683 Johennie,
589 2605 741 2684 Abbacis,
775 2627 874 2691 quem
908 2605 1054 2694 sigillum
1088 2608 1189 2673 etiem
1222 2631 1393 2676 commune

348 2706 493 2772 “totius
516 2707 896 2774 Conventnalisnostrae
923 2711 1191 2794 congregationis.
1237 2713 1325 2776 Data
1356 2711 1393 2775 in

348 2808 493 2873 “Domo
523 2814 636 2875 nostre
666 2808 859 2896 Capitulum,
890 2809 943 2874 die
981 2810 1239 2896 decimo-quinto
1272 2815 1392 2879 mensis

347 2919 366 2946 “
388 2910 479 2990 Maii,
503 2932 590 2976 enno
613 2933 633 2975 s
655 2911 828 2977 Dominico
851 2911 1016 2976 Natalitio
1042 2913 1214 2978 millesimo
1237 2916 1394 2999 quadrin-

347 3017 365 3050 “
386 3013 569 3100 gentesimo
584 3013 855 3100 quinquagesimo
876 3035 973 3091 nono,
988 3019 1023 3078 et
1046 3013 1128 3079 dicti
1143 3014 1276 3080 Domini
1295 3017 1394 3105 Regis

349 3123 365 3150 ‘⁶
389 3115 524 3181 Henrici
548 3116 644 3182 Sexti
666 3137 754 3182 enno
776 3115 941 3182 tricesimo
964 3115 1128 3203 septimo.”
