3588 5838
497 899 673 952 tonsurus
694 897 980 952 vnrrnrusrnnr
1002 897 1179 950 sucurram.
1316 884 1358 950 89

311 1093 330 1120 ‘⁴
350 1085 480 1152 firmam
513 1105 626 1173 pacem
661 1088 810 1151 nostrum
847 1086 895 1152 eis
928 1085 1005 1153 inde
1043 1086 1275 1168 concedimus;
1307 1087 1358 1152 ita
1371 1099 1441 1152 an.
1455 1099 1529 1155 reor.

309 1192 328 1222 ‘⁸
351 1193 472 1267 temen,
494 1187 585 1275 quod
618 1191 710 1254 stent
746 1192 837 1255 recto
865 1187 902 1254 in
935 1187 1035 1256 (luris
1066 1193 1189 1268 nostra,
1224 1187 1252 1255 si
1285 1188 1361 1276 quis

310 1297 329 1324 “
353 1312 465 1358 versus
494 1311 551 1356 eos
581 1290 673 1378 loqui
703 1289 845 1357 voluerit
876 1291 917 1356 de
946 1291 1132 1380 praemissis,
1162 1311 1219 1360 seu
1249 1291 1360 1378 aliquo

305 1396 332 1442 ·“
353 1392 604 1480 praemissorum.
653 1391 915 1459 Perdonavimus
953 1393 1063 1476 otiam,
1094 1393 1287 1474 remisimus,
1326 1397 1361 1459 ct

312 1502 330 1550 f‘
351 1494 581 1574 relaxavimus,
602 1494 725 1562 eisdem
739 1494 865 1562 Abbati
886 1500 922 1562 et
945 1494 1135 1563 conventui
1157 1495 1360 1562 omnimodas

313 1601 330 1632 ‘⁴
354 1597 556 1678 donationes,
586 1597 811 1676 alienationes,
838 1603 873 1664 et
901 1597 1162 1686 perquisitioues,
1185 1619 1244 1686 per
1272 1597 1360 1684 ipsos

313 1707 330 1734 “
353 1700 394 1766 de
415 1699 514 1766 terris
537 1704 571 1765 ct
592 1699 791 1766 tenementis
821 1701 863 1768 de
892 1700 996 1779 nobis,
1019 1701 1074 1766 vel
1095 1700 1360 1788 progenitoribus

313 1810 331 1838 “
352 1803 482 1881 nostris,
504 1803 671 1889 quondam
700 1803 845 1891 Regibm
868 1803 1007 1891 Angliee,
1037 1803 1073 1868 in
1102 1803 1208 1891 cupite
1239 1803 1360 1883 tentis;

312 1911 330 1940 “
351 1927 390 1972 ac
427 1906 527 1971 etiam
559 1905 754 1972 donationes
784 1909 819 1972 et
848 1905 1102 1992 perquisitioues
1139 1904 1183 1971 ad
1223 1926 1359 1970 manum

312 2013 330 2043 “
352 2011 515 2073 mortuam
548 2007 652 2074 factes
686 2011 721 2074 et
751 2006 890 2086 habites,
916 2007 1040 2095 absque
1071 2007 1207 2074 licentia
1238 2013 1359 2085 nostra,

311 2115 330 2144 ‘⁶
352 2130 481 2176 necnon
496 2107 722 2176 ¹omnimodaa
743 2109 943 2176 intrusiones
966 2116 1000 2177 et
1021 2110 1187 2198 ingressus
1205 2110 1240 2176 in
1259 2109 1360 2176 heere-

312 2219 331 2249 “
353 2211 491 2278 ditatem
528 2233 633 2292 snam,
665 2212 702 2277 in
736 2219 829 2300 parte
862 2213 917 2279 vel
945 2213 982 2278 in
1015 2217 1097 2294 toto,
1124 2217 1360 2301 postmortem

311 2319 593 2384 “antecessorum
632 2336 776 2394 suorum,
813 2315 936 2402 obmue
976 2315 1091 2382 debita
1130 2315 1360 2402 prosecutione

312 2425 330 2452 “
353 2416 507 2502 ejusdem,
538 2422 636 2484 extra
664 2439 799 2483 manum
829 2417 954 2505 regiam
984 2422 1063 2484 ante
1100 2416 1241 2484 eundem
1272 2419 1360 2484 diem

312 2525 330 2554 “
353 2519 546 2585 Parasceues
566 2519 662 2600 facta,
685 2541 849 2592 unacum
880 2519 1027 2586 exitibus
1048 2525 1085 2587 et
1107 2520 1259 2608 proficuis
1282 2521 1360 2586 inde

313 2627 331 2656 “
354 2623 462 2688 medio
483 2626 630 2711 tempore
652 2621 820 2709 perceptis.
866 2623 912 2688 Et
934 2623 1075 2710 iusuper,
1097 2622 1360 2710 perdonavimus,

312 2731 332 2760 “
354 2724 546 2806 remisimus,
577 2730 613 2792 et
640 2725 870 2804 relaxavimus,
900 2725 1023 2791 eisdem
1053 2725 1180 2791 Abbati
1209 2731 1244 2792 et
1273 2726 1359 2794 Ocu-

312 2834 330 2861 “
352 2826 469 2892 ventui
499 2826 704 2893 omnimodas
733 2847 848 2914 peenas
877 2831 957 2892 aute
987 2827 1113 2894 dietum
1145 2827 1232 2894 diem
1259 2828 1358 2894 Para-

313 2935 332 2966 “
354 2949 464 2995 sceues
492 2927 683 3008 forisfactus,
713 2951 822 2996 coram
851 2928 947 2995 nobis
976 2949 1034 2995 seu
1064 2928 1211 2996 Concilio
1240 2937 1361 3010 nostru,

313 3039 332 3066 ‘⁴
355 3029 566 3113 Cancellario,
589 3030 814 3112 Thesaurario,
838 3052 896 3096 seu
925 3030 1036 3116 aliquo
1059 3031 1211 3117 judicum
1232 3038 1361 3098 nostro-

314 3140 333 3169 “
353 3155 438 3214 rum,
468 3155 528 3221 pro
557 3133 669 3220 aliqua
698 3154 805 3212 causa,
827 3137 862 3199 et
891 3153 1002 3198 omues
1032 3132 1114 3198 alias
1143 3155 1267 3220 poeuas,
1290 3139 1360 3200 tam

314 3243 331 3271 ‘¹
353 3235 449 3302 nobis
486 3225 586 3323 quem
622 3236 792 3302 carissimo
823 3235 914 3323 petri
951 3239 1063 3302 nostro
1100 3235 1265 3316 defuncto,
1303 3258 1360 3324 per

314 3346 331 3374 “
354 3339 440 3428 ipsos
462 3338 628 3405 Abbutem
651 3343 685 3405 et
704 3336 923 3418 Conventum,
939 3358 999 3424 pro
1021 3337 1134 3425 aliqua
1156 3359 1260 3417 causa,
1282 3346 1360 3406 aute

312 3449 332 3476 “
353 3440 495 3507 eundem
517 3439 605 3506 diem
627 3439 823 3506 Parasceucs
845 3438 1038 3518 forisfactus,
1060 3446 1095 3507 et
1116 3439 1160 3506 ad
1182 3461 1263 3528 opus
1285 3463 1359 3508 nos·

313 3551 332 3580 ‘⁴
354 3549 444 3610 trum
466 3540 669 3622 'levandam
691 3564 729 3608 ac
744 3541 950 3608 omnimodas
971 3542 1163 3608 securitates
1178 3543 1267 3630 pacis
1281 3550 1360 3610 aute

312 3644 493 3711 “eundem
530 3643 619 3710 diem
648 3643 844 3710 Parasceues
882 3643 1036 3710 similiter
1073 3643 1285 3726 forisfactas;
1322 3668 1360 3711 ae

314 3753 333 3784 “
355 3747 457 3813 etiarn
494 3745 617 3824 tertias,
656 3751 691 3812 et
726 3745 903 3812 tertiarum
938 3745 1064 3827 tertias,
1097 3747 1359 3812 omnimodorum

312 3855 331 3885 “
353 3847 610 3935 prisonariorum
639 3846 676 3912 in
705 3869 824 3935 guerra
856 3853 1037 3935 captorum,
1059 3847 1156 3914 nobis
1187 3847 1276 3915 dicto
1306 3848 1361 3914 die

314 3957 333 3988 “
356 3951 549 4018 Parasceues
580 3949 851 4038 qualitercunque
883 3948 1021 4028 debitas,
1044 3948 1258 4036 pertinentes,
1290 3950 1361 4016 sive

312 4059 331 4090 “
353 4057 546 4142 spectantes,
569 4072 628 4139 per
650 4051 779 4118 eosdem
802 4051 968 4118 Abbatem
984 4057 1019 4116 et
1034 4050 1265 4133 conventum
1287 4073 1359 4117 uec-

314 4161 333 4190 “
354 4176 420 4222 nou
444 4153 672 4220 ’omnimodas
697 4153 980 4241 transgressiones,
1002 4152 1150 4234 offensas,
1175 4153 1361 4240 mesprisio·

312 4266 329 4294 ‘⁶
351 4279 417 4336 nes,
439 4263 657 4343 contemptus,
679 4262 714 4322 et
735 4255 970 4344 impetitiones,
996 4277 1055 4343 per
1083 4256 1172 4343 ipsos
1193 4253 1359 4322 Abbatem

314 4367 333 4397 ‘¹
355 4365 390 4426 et
412 4359 624 4427 conventum
646 4363 724 4424 ante
747 4359 885 4424 eundem
908 4357 996 4423 diem
1018 4357 1222 4436 Parasceues,
1245 4364 1361 4424 contra

313 4471 330 4500 “
351 4462 491 4528 formam
506 4467 574 4527 tam
591 4481 858 4547 quorumcunque
873 4459 1093 4541 Statutorum,
1106 4459 1359 4544 ordinationum,

349 4739 356 4772 ¹
368 4736 509 4788 omnimodos
519 4735 545 4786 in
558 4735 614 4787 MS.
887 4731 1047 4782 ³oaniaodos
1059 4732 1085 4782 in
1096 4731 1162 4784 MS:

348 4815 492 4868 'lamudam
502 4813 528 4865 iu
539 4815 594 4866 MS.
