3582 5838
455 909 631 961 cossurus
652 905 938 958 usmsausrnna
959 903 1137 956 saeuunm.
1251 880 1315 953 175

355 1100 476 1169 Salvus
497 1099 591 1166 etin
612 1097 739 1165 cunctis
761 1096 860 1162 simul
881 1093 1003 1172 Abbas,
1026 1093 1131 1159 frater
1153 1093 1188 1157 et
1202 1088 1486 1156 cmnis.a.1).mss.

355 1204 500 1291 Spiritus
521 1201 578 1269 ille
599 1201 715 1282 bonus,
738 1200 809 1266 sine
831 1199 910 1264 fullo
933 1197 1070 1286 spiritus
1091 1197 1207 1276 almus,

355 1307 411 1372 Ad
432 1306 548 1372 villam
572 1305 697 1392 Regem
718 1304 776 1390 qui
799 1301 924 1368 direxit
945 1301 1135 1368 venientem

357 1408 453 1474 Illius
473 1409 518 1475 ad
538 1408 693 1486 medium,
714 1427 774 1474 nec
795 1412 876 1472 tnnc
896 1403 1090 1492 permiserat
1111 1403 1220 1490 ipsum

358 1510 539 1578 Ecclesiam
560 1515 680 1598 petere,
703 1508 912 1576 conservavit
933 1527 994 1574 sua
1015 1525 1162 1593 qumque.

358 1613 425 1682 Sed
445 1612 611 1680 Patronus
635 1617 708 1678 erat
729 1612 788 1699 qui
809 1633 869 1698 pro
892 1608 1062 1677 monachis
1083 1606 1255 1673 mediaret

358 1715 392 1782 A
411 1721 543 1803 raptore
564 1715 739 1802 locumque
761 1735 858 1780 auum
880 1712 1037 1793 servavit,
1060 1715 1097 1777 et
1119 1729 1249 1776 omnem

361 1818 471 1906 Ipsius
492 1823 656 1900 ornatum,
679 1817 798 1883 foedari
820 1837 880 1882 nec
902 1814 983 1882 tulit
1004 1815 1121 1902 ipsum.

362 1919 400 1987 Si
423 1921 497 1987 Rex
518 1921 685 2000 intrasset,
708 1940 881 2006 secumque
903 1917 1031 1984 Ducem
1053 1915 1214 1992 sociasset,

362 2023 485 2090 Valvas
506 2023 658 2104 ecclesia,
680 2023 867 2111 paruissent
887 2025 1007 2088 cuncta
1027 2020 1161 2107 rapinae,

361 2125 433 2192 Nec
453 2129 585 2214 poterat
606 2125 709 2190 furias
731 2124 906 2211 qnisquam
928 2143 1128 2211 compescere
1149 2117 1262 2207 plebis.

363 2228 450 2294 Iaus
471 2229 576 2317 igitur
597 2227 741 2294 Domino
762 2248 883 2308 rursus,
906 2245 1081 2313 rursusque
1103 2223 1256 2300 Patrono,

364 2330 442 2397 Stat
462 2331 553 2396 locus
575 2330 640 2396 iste
662 2351 722 2396 suo
744 2329 855 2396 salvus
877 2329 1061 2395 munimine
1083 2327 1161 2405 solo,

362 2433 531 2520 Salvaque
555 2431 726 2520 supposita
747 2453 815 2512 sua,
838 2431 932 2498 salva
949 2431 1071 2518 jocalia
1092 2432 1220 2496 cuncta.

363 2569 523 2659 Tempore
545 2569 682 2657 dilapso,
703 2569 863 2636 miracula
884 2569 979 2658 plura
1000 2569 1147 2635 Patrono

368 2673 565 2740 Concessum
587 2672 694 2738 facere
715 2671 781 2737 fuit
802 2671 919 2759 utique
940 2670 984 2736 ab
1006 2669 1250 2758 Omnipotente.
1381 2749 1383 2756 y

367 2773 505 2841 ¹Laude
527 2773 759 2840 celebrandum
779 2795 850 2860 pree
872 2773 1000 2840 cunctis
1021 2772 1164 2838 creditur
1185 2789 1299 2850 unum,

368 2875 466 2959 Quod
488 2876 568 2943 dum
590 2876 758 2964 praedator
779 2875 891 2941 stabat
912 2897 971 2962 pro
993 2879 1142 2962 tempore
1163 2871 1257 2952 liber,

367 2981 414 3046 Et
436 2985 566 3068 raperet
587 2979 690 3058 veria,
712 2979 797 3045 bene
818 2977 965 3044 servavit
988 2998 1048 3042 sua
1070 2980 1197 3052 cuncta,

370 3081 465 3149 Flere
485 3105 547 3150 nec
569 3082 736 3150 ecclesiam
756 3103 828 3148 rem
848 3086 980 3168 mptum
1002 3079 1144 3168 pertulit
1165 3075 1279 3144 ullam.

285 3343 480 3412 moute
502 3344 820 3414 trecentenarium
841 3345 1075 3415 Docru’aeomum
1096 3345 1198 3434 infra
1220 3343 1335 3433 σωροὶ·

371 3447 443 3514 tuan
472 3447 583 3514 Beutoe
612 3448 778 3535 Visrpina's,
798 3457 875 3538 poet
897 3449 1011 3536 fisnem
1035 3449 1113 3518 ocu
1133 3449 1243 3530 eluiem,
1267 3447 1337 3517 nice

372 3549 557 3637 conflictus,
579 3549 620 3617 de
641 3573 707 3639 quo
720 3552 768 3639 fit
788 3553 918 3621 secutio
940 3553 984 3621 ‘tre
1002 3553 1188 3642 praetacta.

328 3679 465 3748 8Finito
486 3683 605 3770 proelio
634 3683 731 3763 dicto,
759 3691 794 3752 et
823 3687 993 3774 triumpho
1021 3709 1082 3775 pro
1111 3691 1206 3775 parte
1236 3684 1339 3752 Ducis
1349 3660 1505 3797 03¹²pr

287 3783 426 3852 Eboraci
449 3785 569 3852 Martis
589 3786 760 3853 favoribus
780 3794 960 3877 reportato,
978 3791 1068 3877 quod
1090 3791 1191 3858 oculis
1205 3790 1338 3856 intuen-
1350 3809 1488 3862 recinens

286 3888 374 3952 tium
394 3887 605 3974 lacrymabile
632 3888 707 3968 fuit,
729 3895 765 3956 et
795 3889 990 3973 dolorosum,
1008 3891 1186 3978 jacuerunt
1207 3889 1341 3978 ³sparsa
1351 3876 1507 3999 wlff&

287 3990 452 4078 permulta
472 3991 509 4056 in
531 3991 639 4080 capite
662 3993 811 4059 omnium
833 3993 1020 4082 platearum
1042 3995 1221 4061 occisorum
1244 3993 1340 4060 cada·

287 4114 389 4175 vera;
411 4115 471 4160 nec
492 4093 602 4160 voluit
624 4093 753 4182 aliquis,
773 4116 818 4160 ne
833 4095 995 4162 incideret
1016 4095 1054 4162 in
1075 4094 1338 4183 indignationem

289 4194 371 4261 dicti
393 4194 503 4275 Ducis,
526 4217 711 4286 praeparare
733 4197 844 4278 fossas,
868 4203 903 4265 et
925 4199 1063 4286 sepelire
1085 4221 1131 4266 ea

334 4296 429 4364 Inter
450 4319 525 4384 quae
542 4298 721 4386 jacuerunt
743 4321 878 4388 corpora
893 4300 997 4367 trium
1016 4301 1234 4367 Dominarum
1248 4298 1342 4366 illus·
1353 4309 1460 4376 Among

289 4398 403 4479 mum,
437 4421 563 4489 eorpus,
596 4401 760 4482 saeuae,
795 4403 932 4468 nomini
966 4402 1137 4470 romanu
1172 4377 1486 4497 seuforoesthgkp

289 4500 394 4569 Ducis
416 4502 457 4569 de
480 4503 674 4586 Somercete,
690 4526 806 4594 corpus
829 4503 967 4572 Domini
989 4504 1129 4572 chrici
1151 4503 1265 4596 Percy,
1281 4505 1344 4573 Oc·

327 4744 491 4796 mumanae
512 4745 796 4798 triumdominommis
876 4745 1347 4814 'neflntleaarisomicemtobe

295 4825 360 4877 dicto
393 4823 452 4876 tello
483 4826 797 4892 interfectorum-Super·
845 4824 996 4890 suppliedin
1007 4826 1181 4880 illumination.

296 4903 580 4970 scriptiontoioliow.
879 4903 1091 4971 warinus.
