3588 5838
410 893 452 957 54
741 903 940 954 nnorsrsrm
962 903 1123 953 inseris

242 1095 396 1150 A-D·14⁴⁸·
410 1101 427 1130 “
450 1113 582 1158 suorum
618 1092 858 1178 praediotorum,
890 1091 927 1156 in
962 1091 1129 1178 praediotis
1153 1091 1262 1158 Curiis
1296 1090 1459 1158 dictorum

410 1201 428 1232 “
451 1217 539 1261 nuno
561 1195 703 1260 Abbatis
729 1199 763 1260 et
785 1193 984 1276 Conventus,
1008 1201 1043 1261 et
1072 1216 1293 1261 successorum
1326 1215 1458 1260 suorum

412 1306 429 1334 “
452 1299 691 1385 praedictorum,
706 1297 902 1378 habeantur,
926 1297 1142 1379 deducantur,
1167 1302 1351 1378 teneantur,
1368 1297 1460 1362 audi-

413 1409 430 1436 “
453 1406 560 1480 entur,
583 1407 618 1466 et
647 1401 875 1478 terminentur,
898 1406 932 1466 st
959 1401 1086 1487 judicio
1112 1400 1189 1466 inde
1211 1400 1395 1466 reddentur
1425 1405 1460 1464 et

412 1511 429 1538 “
453 1507 668 1590 exequentur,
684 1503 780 1569 modo
803 1507 837 1568 et
858 1504 965 1568 forme
986 1503 1188 1590 supradietis
1236 1503 1344 1583 Quare
1366 1503 1460 1566 volu-

413 1613 430 1639 “
452 1627 533 1684 mus,
567 1611 603 1671 et
634 1606 773 1671 firmiter
810 1606 1024 1692 praeoipimus,
1063 1607 1152 1691 quod
1189 1605 1339 1691 praedioti
1373 1625 1460 1668 nuno

414 1715 430 1742 “
453 1708 567 1772 Abbos
590 1712 625 1772 et
648 1707 848 1788 Conventus,
873 1713 907 1772 et
928 1730 1124 1774 successores
1147 1709 1198 1773 sui
1220 1707 1379 1795 praedioti,
1402 1705 1458 1770 ¹in

413 1819 431 1846 “
453 1816 648 1898 perpetuum
671 1810 815 1875 habeant
838 1816 872 1876 et
887 1815 1024 1876 teneant
1045 1811 1156 1876 omnis
1180 1815 1215 1876 et
1236 1810 1367 1896 singule
1389 1813 1459 1874 tem

412 1923 428 1948 “
451 1914 488 1978 in
515 1913 671 1999 praesenti
693 1909 843 1978 ²Ohsrtu
865 1919 988 1993 nostre,
1012 1935 1110 2000 quam
1137 1914 1173 1978 in
1196 1913 1363 2000 prsediotis
1385 1911 1460 1976 otiis

414 2025 430 2053 ¹‘
453 2014 597 2082 ³ohartis
628 2021 663 2080 st
686 2015 1000 2093 confirmationibus,
1031 2017 1179 2104 superius
1202 2037 1359 2094 conoesse,
1384 2016 1458 2080 ebs·

413 2126 431 2153 “
454 2140 518 2205 quo
539 2117 776 2205 impedimento
799 2119 852 2184 vel
878 2119 1126 2205 perturbatione
1144 2119 1259 2198 nostri,
1275 2123 1334 2183 eut
1357 2118 1460 2183 heere·

413 2228 431 2256 “
454 2222 533 2286 dum
556 2225 750 2300 nostrorum,
766 2221 789 2286 J
791 2221 1041 2304 ustioisriorum,
1060 2221 1307 2302 Vioeoomitum,
1323 2220 1460 2286 bellivo-

412 2330 430 2359 “
453 2345 536 2403 rum,
552 2345 609 2388 seu
624 2323 761 2388 otiorum
782 2325 1009 2389 ministrorum
1025 2330 1220 2402 nostrorum,
1236 2329 1271 2388 et
1292 2321 1459 2388 baeredum

413 2432 430 2461 “
453 2430 647 2504 nostrorum,
666 2447 943 2512 quorumcunque.
987 2427 1033 2492 Et
1048 2427 1266 2513 prohibemus,
1282 2426 1343 2490 sub
1365 2427 1460 2512 gravi

414 2536 429 2562 “
452 2527 659 2593 forisfactura
688 2533 801 2594 nostre
830 2529 953 2616 viginti
983 2529 1149 2609 librarum,
1172 2551 1215 2594 ne
1241 2527 1314 2614 quis
1344 2529 1391 2592 eis
1423 2528 1460 2591 in

414 2638 430 2664 “
453 2630 564 2716 aliquo
608 2631 850 2716 praemissorum
888 2632 1050 2718 impediet
1086 2653 1144 2696 sou
1180 2631 1361 2718 perturbet,
1399 2652 1460 2696 neo

413 2739 429 2768 ‘⁴
453 2732 587 2798 turbere
618 2732 718 2799 faeiat
741 2734 966 2819 quovismodo,
990 2756 1028 2800 eo
1050 2734 1139 2820 quod
1162 2755 1314 2820 expresse
1335 2734 1460 2798 mentio

412 2844 430 2870 “
453 2835 494 2900 de
534 2856 613 2900 vero
654 2835 765 2902 valore
805 2859 916 2902 annuo
958 2837 1210 2924 praemissorum,
1252 2841 1312 2901 eut
1352 2835 1460 2921 aliquo

413 2944 430 2973 “
453 2938 640 3020 eorundem,
663 2937 700 3002 in
723 2940 879 3026 praesenti
902 2939 1048 3007 'Oberte
1070 2944 1192 3019 nostre,
1216 2959 1275 3004 neo
1296 2940 1333 3002 in
1356 2939 1461 3003 omni-

414 3047 429 3076 “
452 3040 514 3106 bus
548 3040 716 3128 praediotis
738 3039 894 3122 ³ohsrtis,
926 3042 1064 3129 seriptis,
1096 3041 1226 3121 litteris,
1249 3041 1319 3106 sive
1350 3041 1460 3126 atiquo

412 3151 430 3178 “
453 3143 639 3220 eorundem,
661 3155 767 3231 ne'qus
790 3145 827 3210 in
848 3145 1047 3231 uliqueelie
1068 3142 1215 3224 ²ohsrto,
1238 3145 1309 3210 sive
1330 3143 1459 3222 litteris,

413 3251 431 3280 “
454 3267 513 3333 per
534 3268 642 3331 quem,
659 3267 715 3311 seu
739 3268 798 3332 per
820 3269 908 3333 ques,
923 3247 1098 3334 praediotus
1117 3246 1287 3311 Priorutus
1309 3247 1350 3311 de
1365 3245 1459 3310 Pem-

414 3357 429 3382 “
452 3347 564 3427 broke,
587 3353 622 3412 st
645 3346 710 3413 elie
732 3354 837 3426 torrae,
862 3354 1059 3430 tenemento,
1083 3355 1118 3414 et
1140 3354 1258 3415 oestere
1282 3350 1460 3435 praemissa,

413 3454 431 3484 “
453 3449 489 3513 in
512 3449 601 3514 dioto
618 3448 789 3515 Comitetu
812 3451 1042 3529 Pembroohiae,
1059 3473 1209 3517 concesse
1231 3451 1355 3517 fuerint
1378 3473 1459 3537 prae·

412 3559 429 3584 “
451 3551 521 3616 feto
551 3572 657 3637 nuper
683 3551 788 3633 Duci3
812 3574 851 3618 eo
874 3553 975 3618 etiem
1000 3554 1088 3640 quod
1112 3553 1301 3639 hujusmodi
1334 3554 1459 3618 mentio

413 3660 430 3686 “
453 3652 494 3718 de
516 3653 591 3718 eliis
613 3653 707 3720 donis
730 3661 765 3720 ot
786 3656 1051 3736 oonoessionibus,
1074 3678 1131 3744 per
1153 3679 1221 3734 nos,
1237 3677 1294 3722 seu
1317 3655 1459 3742 aliquem

412 3755 698 3842 “progenitorum
736 3764 930 3840 nostrorum,
961 3759 1109 3846 praefstis
1145 3780 1234 3825 nuno
1267 3759 1393 3824 Abbati
1425 3765 1460 3824 et

412 3865 429 3892 “
453 3857 649 3938 Conventui,
672 3859 741 3926 sive
764 3863 902 3947 praesuto
931 3885 1036 3949 nuper
1059 3863 1153 3942 Duri,
1167 3863 1279 3943 ¹fectis,
1306 3864 1343 3927 in
1375 3885 1459 3950 prse-

413 3971 428 3995 “
452 3962 539 4028 senti
555 3960 702 4030 ²Oherte
723 3969 844 4045 nostre,
865 3986 922 4030 seu
943 3966 981 4029 in
1002 3966 1075 4032 eliis
1097 3966 1219 4032 litteris
1241 3971 1300 4032 eut
1316 3963 1459 4032 ³ohurtis

412 4071 428 4098 “
451 4063 555 4144 fectis,
590 4087 659 4131 non
691 4067 815 4143 existit,
838 4073 898 4132 eut
931 4069 1041 4155 aliquo
1064 4067 1210 4151 Stututo,
1243 4069 1457 4144 ordinatione,

413 4173 429 4199 “
452 4167 647 4252 provisione,
678 4175 764 4249 actu,
796 4171 957 4248 restrictu,
983 4172 1036 4236 vel
1067 4173 1232 4249 mandato,
1255 4173 1347 4258 prius
1369 4171 1458 4236 edito

412 4275 429 4302 “
452 4274 513 4334 out
545 4271 641 4348 fecto,
674 4271 743 4336 sive
781 4273 892 4358 alique
924 4275 1197 4353 oontreriositete,
1230 4275 1457 4361 repugnantis,

412 4379 428 4402 “
450 4369 683 4459 ⁴negligentia,
718 4374 900 4455 omissione,
932 4375 968 4440 in
1001 4377 1175 4463 praemissis
1209 4377 1382 4453 sententie,
1405 4376 1458 4441 vol

411 4479 428 4505 “
450 4473 604 4556 inventis,
627 4481 687 4541 sut
717 4477 782 4541 elie
803 4499 837 4542 re
859 4478 914 4544 vel
935 4479 1075 4545 materie
1096 4501 1289 4566 quacunque
1311 4502 1378 4545 non
1402 4479 1459 4545 ob·

1206 4657 1386 4664 ————----
1399 4657 1427 4662 ..-

444 4758 451 4790 ¹
465 4761 635 4824 imperpetuum
647 4760 674 4811 in
685 4761 742 4814 ΜΒ.
938 4765 944 4907 p
991 4763 1002 4795 ³
1013 4768 1089 4814 cares
1100 4765 1125 4814 in
1137 4765 1195 4816 MS.

445 4837 456 4870 ‘²
470 4838 552 4890 (letto
562 4839 588 4889 in
599 4839 655 4890 MS.
994 4845 1003 4872 ⁴
1013 4843 1168 4910 necptiyontiu
1179 4845 1205 4894 in
1217 4843 1273 4896 MS.
