3668 5842
443 837 509 910 270
776 857 974 910 7777777777
995 857 1154 910 melun

274 1057 342 1110 77.
356 1042 630 1114 7777.“71777777
650 1044 842 1113 7711717777
863 1047 981 1167 capitis
1003 1046 1195 1128 7771777777,
1217 1047 1487 1130 connecteresqne

442 1145 697 1234 “diligentiue'
687 1172 724 1214 1n
738 1148 858 1215 intimo
880 1149 1045 1217 cincinnio
1060 1151 1113 1216 tui
1127 1147 1271 1230 vorticis,
1286 1169 1326 1215 77
1340 1144 1488 1234 quotidie

441 1246 492 1286 “¹
504 1271 694 1333 7777777777,
716 1256 917 1340 stupesceret
939 1252 1005 1319 tibi
1027 1253 1190 1330 memorio,
1213 1249 1486 1335 ¹hebeaceretquo

442 1359 460 1386 “
481 1352 711 1442 intelligentie,
733 1359 774 1422 ut
796 1355 923 1442 aliquid
946 1355 1140 1444 rugositatis
1161 1357 1222 1420 aut
1243 1351 1488 1422 contrarietatis

442 1462 597 1523 “contre
618 1463 689 1524 tam
711 1459 814 1524 altam
835 1458 1086 1545 inauditamque
1116 1456 1298 1546 potentiam
1320 1455 1487 1524 7777717777-

480 1559 568 1626 reris
613 1558 786 1640 ³Kerelus,
810 1561 884 1628 Rex
910 1562 1118 1640 Francorum,
1140 1564 1176 1627 et
1199 1559 1257 1626 alii
1289 1558 1405 1646 reguli,
1429 1561 1487 1624 tuo

442 1669 458 1696 “
480 1663 595 1730 baculo
618 1664 799 1730 enmdineo
821 1663 1012 1744 innitentes,
1027 1670 1062 1730 et
1072 1685 1163 1750 spem
1178 1683 1298 1728 vanem
1321 1661 1387 1728 tibi
1400 1681 1487 1728 oom-

441 1771 459 1801 “
480 1769 648 1852 ponentes,
666 1767 760 1834 velut
790 1771 912 1854 stuppa
943 1771 1148 1843 evanescent,
1179 1770 1221 1846 77,
1252 1764 1338 1832 sicut
1368 1763 1487 1840 fumus,

440 1872 458 1902 “
482 1889 503 1932 7
515 1867 687 1954 repentino
701 1872 803 1934 vento
824 1869 922 1936 unico
935 1867 1020 1935 flatu
1034 1872 1276 1936 consumentur.
1313 1867 1366 1932 Tu
1386 1865 1487 1932 1771777

441 1976 458 2004 “
480 1969 598 2057 galeas,
620 1991 681 2037 nos
712 1971 853 2051 177777777,
876 1977 916 2037 77
946 1971 1072 2054 classes,
1096 1993 1156 2038 nos
1178 1969 1426 2058 dregemundoe,
1447 1973 1487 2035 77

441 2078 460 2108 “
481 2094 590 2152 neves,
612 2093 672 2138 noe
692 2073 836 2142 hicticos.
881 2073 927 2139 Et
951 2073 1033 2159 quid
1062 2073 1169 2140 7777177
1197 2073 1309 2160 parvis
1330 2091 1488 2138 777777777-

442 2180 460 2210 “
483 2174 588 2242 771771
633 2174 798 2262 Quicquid
830 2175 1026 2262 imaginarie
1048 2175 1194 2261 cogitare
1223 2175 1355 2262 poteris,
1377 2177 1488 2240 totum

443 2284 460 2310 “
482 2281 581 2344 antea
601 2277 823 2364 praevidimus,
839 2283 1034 2364 metumque
1048 2277 1283 2344 deliberatione
1304 2277 1488 2366 ponderen-

443 2387 460 2414 “
481 2385 532 2446 tes
553 2378 663 2445 ‘nihil
692 2380 857 2461 timemus,
887 2380 954 2446 nisi
983 2380 1072 2468 quod
1101 2381 1230 2468 decepti
1259 2379 1487 2467 occupationes

441 2489 458 2517 “
480 2482 638 2568 plurimas
653 2483 852 2550 omittamus
891 2482 1006 2564 Qualis
1020 2487 1123 2572 pater,
1135 2484 1193 2570 qui
1207 2483 1294 2550 filios
1311 2483 1409 2550 ⁵suos
1420 2503 1488 2548 non

296 2583 298 2596 '
441 2589 586 2651 “morte
615 2585 769 2667 naturali,
791 2585 848 2652 sed
869 2585 989 2666 subita
1012 2586 1189 2674 deperdere
1219 2606 1288 2652 non
1308 2585 1489 2652 1777777771

442 2693 460 2722 “
482 2687 538 2752 An
559 2692 666 2774 putas,
681 2687 769 2775 quod
791 2688 955 2776 pharetris
976 2709 1132 2768 77777777,
1158 2689 1216 2776 qui
1237 2689 1324 2755 filios
1345 2693 1422 2755 tuos
1443 2687 1488 2754 ad

441 2798 458 2824 “
480 2811 540 2856 nos
561 2790 610 2858 777
631 2790 805 2878 compellis,
818 2797 858 2858 ut
883 2791 1023 2880 sagittas
1044 2799 1173 2859 nostres
1194 2791 1228 2858 in
1244 2813 1279 2860 se
1298 2791 1488 2872 recondant,

441 2898 516 2959 “et
540 2894 671 2962 vivaces
701 2893 827 2960 animas
857 2895 894 2959 in
926 2894 1047 2962 formae
1080 2894 1233 2963 mortelee
1266 2899 1488 2962 transmutare

441 3001 459 3032 “
480 2996 624 3075 17777777,
646 3019 722 3064 cum
751 3001 865 3064 7777777
886 2997 1021 3084 spiritus
1051 2996 1189 3064 7777777777
1218 2997 1359 3064 secundo
1380 2995 1489 3064 redire

442 3104 460 3134 “
482 3098 702 3182 67777777777,
718 3103 752 3166 77
773 3100 861 3187 quod
883 3099 974 3187 prius
996 3099 1158 3166 dilexerat
1179 3099 1311 3188 penitus
1331 3098 1488 3188 ⁷perhor-

441 3209 459 3237 “
480 3202 602 3270 rescit?
639 3202 729 3282 Sion,
744 3201 911 3290 speculum
925 3201 1041 3290 gaudii
1055 3203 1117 3286 tui,
1132 3223 1192 3290 per
1205 3225 1287 3289 quos
1309 3202 1486 3270 7717777771

443 3311 461 3339 “
484 3303 683 3372 Ihenrealem
705 3303 949 3391 speciosissime,
965 3304 1119 3391 aquibus
1133 3304 1285 3372 funditus
1299 3305 1488 3372 (1777777771

443 3413 461 3442 “
483 3405 637 3473 Acheron
657 3405 897 3494 potentissima,
911 3429 932 3472 7
946 3427 1012 3494 quo
1033 3407 1187 3474 sublata?
1217 3407 1360 3496 Tripolis
1381 3408 1488 3494 splen·

443 3517 460 3544 “
483 3507 660 3591 didissima,
682 3529 741 3596 per
763 3530 861 3596 quem
883 3509 1015 3576 deleta?
1051 3509 1355 3598 Constantinopolis
1376 3509 1488 3578 saevis·

444 3617 461 3646 “
483 3610 574 3692 sima,
596 3631 617 3676 a
639 3632 704 3697 quo
726 3610 815 3678 victa
837 3617 872 3678 et
894 3617 1109 3700 expugnetal
1145 3612 1266 3680 Nonne
1288 3633 1347 3701 per
1370 3634 1431 3679 nos
1452 3617 1488 3678 77

442 3715 460 3746 “
481 3713 634 3776 77777771
680 3709 844 3776 Tricentae
866 3710 983 3797 utique
1014 3715 1050 3778 77
1079 3711 1322 3799 quinquaginta
1343 3715 1485 3800 quotuor

443 3815 460 3846 “
481 3809 585 3892 771777,
609 3833 690 3899 ques
719 3811 834 3879 famuli
857 3811 1017 3880 Gmoifixi
1042 3812 1168 3880 dudum
1189 3818 1351 3895 rexerant,
1375 3819 1488 3882 nostro

443 3922 459 3952 ‘⁸
476 3914 549 4003 jem
577 3914 725 3981 dominio
756 3915 912 4001 subjectu)
944 3919 1030 3982 suut
1077 3916 1129 3982 Tu
1159 3917 1293 4004 quidem
1325 3916 1407 3984 71777
1439 3917 1488 3983 ire

442 4025 460 4052 “
481 4017 656 4106 compellis,
679 4021 714 4084 et
735 4017 823 4085 771777
844 4039 913 4084 777
933 4019 1067 4086 accedis
1104 4017 1156 4084 Tu
1177 4019 1263 4086 171777
1283 4024 1359 4086 tuos
1381 4021 1430 4086 777
1450 4019 1488 4084 in

442 4124 460 4154 “
482 4143 571 4188 77777
601 4119 828 4207 periculosum,
854 4144 893 4188 77
923 4121 1024 4188 etiem
1055 4120 1369 4208 procellosissimum,
1400 4121 1487 4200 fucis,

442 4232 459 4259 “
482 4224 540 4289 ubi
562 4221 697 4310 ⁸Syrtis
727 4229 763 4289 77
784 4221 922 4311 98771177
947 4223 1084 4291 77777777
1129 4225 1181 4290 Τ7
1209 4247 1311 4292 manu
1333 4225 1485 4312 quaedum

497 4513 525 4547 re
583 4513 635 4548 em

475 4575 768 4642 nimemqoenus.

475 4655 567 4708 'sio'
560 4655 664 4708 777718.
704 4656 893 4712 mntem.
915 4657 945 4710 oi
1017 4656 1292 4725 sputamentis.

441 4735 1222 4793 117777773877777177118.

476 4811 677 4892 {eccilinus
1018 4817 1227 4874 *8777777118
