3588 5838
478 910 651 961 mersurus
674 907 958 960 wnnrnsusunnn
981 911 1159 967 snoouon.
1281 907 1343 972 129

299 1100 318 1130 “
339 1095 468 1178 annuis,
502 1103 601 1184 prout
631 1100 726 1184 patet
756 1118 816 1183 per
844 1103 1009 1185 compotes
1039 1099 1223 1168 rotulorum
1256 1101 1425 1190 plus-An).
1438 1117 1510 1164 14⁵4.

298 1199 318 1230 “
340 1218 439 1282 quam
470 1198 506 1263 in
537 1203 670 1266 centum
700 1198 801 1265 libris
847 1198 1064 1287 Nequaquam
1095 1202 1208 1290 igitur,
1231 1203 1343 1285 irater,

298 1302 318 1334 “
339 1299 495 1366 dicendus
516 1323 550 1368 es
565 1302 771 1388 dispensator
785 1300 891 1367 fidelis
914 1308 947 1368 el
969 1303 1122 1390 prudens,
1143 1303 1266 1372 1immo
1287 1329 1344 1372 ve-

300 1405 318 1436 “
339 1401 416 1480 rius,
439 1403 617 1490 dissipator
646 1403 787 1470 erudelis
818 1409 853 1470 eo
874 1400 1075 1492 'negligens
1108 1413 1142 1473 et
1172 1416 1345 1496 propterea

297 1509 317 1538 ‘¹
340 1505 473 1571 omnino
494 1505 660 1593 indignus,
674 1506 740 1572 nisi
762 1510 926 1593 quatenus
952 1507 1069 1572 melius
1091 1514 1126 1575 oe
1152 1512 1339 1592 correxeris,

299 1609 318 1640 ‘⁸
340 1611 381 1672 ut
394 1628 492 1694 super
505 1607 642 1674 Domini
657 1607 816 1674 familiam
830 1607 941 1695 aliquo
959 1613 1106 1697 tempore
1121 1613 1343 1681 constituaris.

298 1715 317 1744 “
339 1709 380 1774 In
411 1711 588 1797 aliqualem
618 1711 723 1798 igitur
744 1731 996 1799 recompensam,
1022 1713 1343 1803 salisieelionemque

295 1817 396 1897 “pro
419 1813 593 1894 erroribus,
618 1811 1252 1902 transgressiombus,so⁸neg1igenoiis
1274 1818 1344 1883 luis

297 1917 316 1947 “
337 1913 430 2002 prius
452 1915 558 1997 dietis,
582 1909 665 1981 affer
683 1915 781 1982 modo
803 1915 840 1980 in
861 1917 1006 1983 medium
1035 1919 1197 2004 pecunius,
1221 1920 1342 1986 nedum

298 2023 317 2050 ‘¹
338 2015 411 2082 illas
432 2017 473 2083 de
496 2017 617 2104 quibus
649 2017 751 2084 variis
782 2017 819 2082 in
849 2018 929 2084 loeis
961 2019 1002 2084 fio
1036 2020 1159 2086 mentio
1190 2021 1226 2087 in
1259 2043 1343 2108 prae·

298 2124 318 2154 “
339 2120 455 2199 missis,
477 2120 681 2207 ⁴quinimmo
712 2120 812 2188 etiam
840 2121 913 2186 illas
936 2142 1017 2207 quas
1039 2123 1080 2189 de
1109 2127 1171 2190 lua
1194 2125 1342 2213 negotia-

296 2227 314 2256 “
336 2222 426 2288 lione
468 2245 527 2310 per
559 2245 664 2290 annos
697 2223 806 2290 varios
840 2221 1084 2311 ⁶perquisieras,
1119 2232 1153 2292 et
1186 2227 1254 2292 noli
1287 2247 1342 2292 eas

297 2327 316 2358 “
339 2324 504 2390 subterra
525 2325 675 2404 effodere,
695 2329 755 2394 sul
777 2325 814 2391 in
828 2324 937 2392 aliena
950 2326 1111 2413 deponere
1126 2329 1284 2410 custodia,
1300 2351 1342 2395 ne

297 2430 314 2460 “
338 2426 380 2490 ad
401 2449 518 2494 manus
540 2428 592 2494 lui
609 2427 793 2514 Superioris
814 2425 960 2493 habeant
974 2428 1136 2496 devenire.
1183 2429 1270 2511 Quia
1283 2431 1341 2518 qui

296 2535 314 2562 ‘¹
336 2527 381 2593 sio
411 2527 554 2616 deponit,
577 2529 702 2595 alienae
732 2550 766 2594 se
795 2551 816 2594 a
841 2529 921 2608 Deo,
951 2529 1145 2618 diaboloque
1171 2532 1341 2598 familiaris

297 2638 315 2664 “
337 2629 460 2698 existis
507 2632 573 2713 Qui
587 2653 666 2697 vero
680 2632 727 2698 sie
749 2633 922 2698 abscondis
943 2632 1006 2698 sub
1020 2636 1118 2713 terre,
1134 2635 1206 2722 ugit
1228 2639 1342 2702 eontra

296 2739 313 2766 “
336 2732 493 2812 Oenones,
516 2739 693 2820 captetque
720 2735 810 2820 apud
831 2734 954 2801 inferos
976 2758 1092 2822 parare
1126 2737 1191 2802 sibi
1213 2737 1342 2804 habila-

298 2838 316 2868 “
338 2834 448 2899 sulum
470 2858 530 2923 pro
553 2837 723 2902 mansione
746 2859 812 2903 sue.
857 2836 935 2902 Non
954 2838 1042 2904 enim
1063 2836 1231 2904 1Ιιιιιιιίιιι
1251 2860 1341 2905 men·

295 2940 315 2971 ‘⁸
337 2936 439 3016 dicus,
475 2943 610 3026 propter
645 2959 738 3004 suam
781 2945 1019 3026 paupertatem,
1058 2937 1183 3007 'immo
1223 2942 1341 3022 verius,

295 3042 314 3073 ‘⁶
337 3038 440 3106 Dives
462 3040 624 3126 epulosus,
639 3049 773 3128 propter
794 3060 889 3106 suam
907 3040 1090 3124 avaritiam,
1105 3043 1228 3108 mansii
1251 3042 1340 3132 apud

294 3146 314 3178 “
334 3141 464 3224 inferos,
479 3145 666 3231 meruitque
687 3143 811 3210 ibidem
835 3165 894 3230 pro
909 3149 1066 3231 perpetuo
1091 3143 1211 3212 habere
1234 3145 1341 3233 sepul-

295 3248 313 3279 “
336 3249 454 3312 turem.
500 3245 612 3334 igitur
642 3267 684 3313 ne
722 3251 761 3312 tu
793 3246 840 3312 sio
870 3244 935 3311 eibi
966 3267 1068 3332 pares,
1095 3253 1155 3312 aul
1185 3247 1235 3313 ibi
1265 3253 1341 3336 poso

293 3353 313 3381 “
334 3347 500 3413 decessum
540 3347 599 3413 ⁸in
632 3354 826 3436 perpetuum
860 3369 1001 3426 maneas,
1047 3349 1129 3415 affer
1169 3350 1267 3416 modo
1305 3352 1341 3415 in

294 3451 315 3482 “
336 3449 481 3514 medium
512 3449 665 3536 pecunius
693 3449 768 3515 illes
799 3449 840 3514 de
877 3450 997 3536 quibus
1027 3450 1093 3516 eibi
1121 3452 1276 3535 diximus,
1307 3457 1341 3520 eo

294 3553 313 3584 “
334 3550 403 3616 noli
433 3550 580 3632 ulterius,
611 3551 649 3617 in
680 3552 863 3640 perieulum
893 3559 962 3620 tuae
991 3558 1158 3641 perpetues
1183 3551 1342 3622 ⁹damna-

293 3658 313 3686 “
334 3652 445 3734 lionis,
467 3654 632 3720 eonoelsre
656 3677 717 3721 eas.
764 3653 908 3737 Summa,
931 3655 1042 3737 stater,
1058 3678 1171 3722 esrum
1194 3658 1341 3724 omnium

294 3759 312 3788 “
333 3755 485 3826 extendit
507 3756 629 3821 nedum
658 3778 702 3836 se,
724 3754 847 3823 ⁷immo
877 3758 990 3844 magis,
1010 3760 1223 3842 transcendit,
1240 3761 1342 3847 juxta

294 3862 313 3889 ‘¹
334 3856 522 3944 opinionem
543 3858 697 3945 plurium,
719 3858 809 3924 ultra
831 3881 991 3924 summam
1014 3861 1104 3927 mille
1126 3860 1294 3928 librarum.

340 3963 359 3992 “
373 3959 419 4024 Et
439 3959 536 4026 aliter
554 3960 690 4047 ppinari,
709 3961 847 4040 credere,
864 3983 921 4027 seu
935 3959 961 4000 ¹⁰
969 3962 1151 4054 imaginari,
1166 3984 1234 4028 non
1247 3969 1340 4050 pote-
1352 3967 1507 4022 Rsmmror

294 4066 313 4096 ‘⁸
334 4066 414 4126 runo
445 4061 517 4148 ipsi,
550 4067 685 4151 propser
714 4061 841 4128 variam
864 4061 1176 4150 ”multifariamque
1208 4087 1339 4130 eausam
1351 4035 1490 4153 fflossff

294 4171 313 4202 “
336 4163 558 4231 oonoludendi.
615 4164 860 4252 Primo‚-quia
891 4164 970 4231 dum
999 4166 1134 4252 juvenis
1166 4167 1274 4232 adhuc
1303 4170 1339 4233 in
1351 4168 1472 4286 {¹51⁰qu

1278 4311 1283 4322 '
1351 4315 1449 4352 Tmou.

329 4443 506 4510 wensinus
871 4449 1050 4514 wensinus.

327 4525 589 4592 moysenomnes.
870 4526 1166 4594 mesepotamiam.

326 4605 611 4672 'sequestremus
870 4605 1172 4672 ⁹daspmuonoinus.

327 4683 561 4750 ⁴qrinymoiuMS.
871 4683 892 4718 ¹⁰
900 4684 1142 4750 „meminus

327 4763 606 4829 *possusumus
872 4761 891 4796 ¹¹
901 4761 1127 4830 mulupluriarsqus
1136 4764 1164 4815 in
1175 4765 1231 4818 MS.

327 4840 420 4894 ‘Lake
430 4841 483 4896 xri.
494 4847 535 4895 20.
