3588 5838
438 877 481 942 44
771 894 972 945 asorsrumr
994 894 1150 947 ssssrrn

267 1085 453 1147 A.1>.144e.“
476 1081 566 1145 ‘lam
590 1081 775 1163 eorundem,
798 1083 841 1148 ad
864 1083 999 1170 aliquod
1021 1105 1077 1150 seu
1099 1085 1211 1172 aliqua
1234 1088 1484 1174 praemissorum,

436 1191 454 1217 “
476 1188 558 1248 ‘aut
588 1183 725 1249 aliorum
750 1207 1027 1272 quorumcunque,
1055 1187 1288 1275 capiendorum
1319 1213 1381 1278 pro
1412 1191 1486 1256 hos·

436 1291 455 1322 “
479 1287 585 1372 ‘pitio
600 1293 721 1366 nostro,
737 1288 791 1353 vel
802 1289 969 1354 haeredum
985 1294 1182 1368 nostrorum,
1197 1291 1406 1379 ingrediatur
1427 1315 1484 1360 seu

433 1395 452 1423 ‘⁴
475 1389 725 1476 ‘ingrediantur
749 1391 973 1476 quovismodo,
988 1393 1111 1479 absque
1132 1392 1270 1459 licentia
1292 1395 1434 1481 speciali,
1450 1401 1485 1463 et

436 1499 453 1526 “
476 1491 682 1570 ‘voluntate
705 1491 849 1558 Abbatis
881 1499 915 1558 et
945 1493 1149 1576 Conventus,
1176 1517 1233 1560 seu
1265 1517 1483 1563 sucoessorum

435 1600 453 1628 “
476 1601 641 1673 ‘suorum
665 1593 725 1660 ¹in
748 1601 953 1683 perpetuum.
1000 1595 1160 1662 Volumus
1185 1598 1327 1684 insuper,
1350 1605 1385 1664 et
1407 1621 1483 1666 con-

432 1702 450 1732 “
475 1698 649 1775 ‘cedimus
677 1720 737 1784 pro
768 1698 864 1763 nobis
893 1704 928 1762 et
958 1698 1145 1764 haeredibus
1174 1701 1306 1782 nostris,
1338 1702 1426 1787 quod
1455 1704 1483 1768 si

432 1808 450 1836 “
472 1801 643 1888 ‘praefatae
675 1800 797 1866 litterae
828 1807 950 1866 nostrae
982 1801 1015 1865 in
1048 1801 1160 1889 aliqua
1185 1809 1280 1890 parte
1303 1805 1481 1870 earundem

432 1910 448 1937 ‘⁴
471 1904 605 1968 ‘minus
627 1903 746 1968 validas
766 1907 801 1969 et
820 1903 1057 1970 insufficientes
1079 1905 1115 1970 in
1141 1906 1214 1992 lege
1237 1906 1397 1986 existunt,
1420 1913 1481 1974 aut

432 2011 449 2040 “
472 2006 597 2092 ‘aliqui
628 2005 774 2072 defectus
796 2005 832 2070 in
859 2006 982 2071 eisdem
1012 2007 1156 2072 inveniri
1179 2005 1412 2095 ‘contigerint
1435 2009 1481 2076 sic

431 2115 449 2144 “
472 2108 584 2195 ‘quod
607 2107 729 2174 littcrae
752 2107 819 2174 illae
845 2108 881 2173 in
909 2109 1058 2189 materia,
1081 2110 1193 2190 forma,
1217 2110 1272 2175 vel
1294 2110 1360 2175 alio
1382 2113 1480 2178 modo

429 2218 447 2247 “
472 2221 699 2298 ‘quocunque
728 2231 857 2276 neccsse
890 2210 1038 2276 habeant
1071 2212 1107 2276 in
1145 2211 1264 2277 melius
1299 2211 1478 2294 reformari,

431 2322 447 2349 “
471 2319 616 2379 ‘extunc
640 2311 861 2378 Oancellarius
880 2313 1022 2400 Angliae,
1036 2314 1095 2400 qui
1117 2335 1177 2400 pro
1200 2321 1347 2402 tempore
1368 2316 1479 2394 fuerit,

430 2423 448 2454 “
471 2423 693 2504 ‘potestatem
715 2415 846 2494 habeat,
868 2422 903 2481 et
925 2413 1188 2496 ‘auctoritatem
1213 2417 1256 2482 ad
1278 2419 1478 2504 prosecutio-

430 2526 446 2555 “
468 2527 567 2586 ‘nem
589 2519 821 2606 praedictorum
844 2517 988 2584 Abbatis
1011 2524 1047 2584 et
1069 2518 1272 2598 Conventus,
1294 2527 1328 2587 et
1353 2541 1477 2590 succos

430 2629 447 2659 “
471 2631 605 2688 ‘sorum
627 2609 769 2702 suorum,
793 2626 852 2687 aut
877 2620 1016 2706 alicujus
1039 2643 1160 2700 eorum,
1189 2624 1320 2689 easdem
1349 2623 1478 2690 litteras

429 2731 446 2762 “
470 2731 622 2791 ‘nostras
638 2725 749 2791 debite
763 2724 995 2803 reformandas,
1012 2730 1046 2791 et
1068 2724 1149 2790 alias
1165 2724 1294 2790 litterae
1316 2732 1476 2812 patentes,

428 2835 445 2864 “
470 2827 639 2916 ‘praefatis
662 2827 788 2894 Abbati
810 2833 846 2893 et
868 2826 1066 2906 Conventui,
1083 2832 1117 2892 st
1140 2827 1376 2894 successoribus
1398 2829 1477 2910 suis,

426 2935 443 2966 ‘⁴
469 2938 530 2997 ‘ac
564 2953 674 2997 eorum
706 2930 850 3010 cuilibet,
874 2951 933 3016 pro
963 2929 1083 3016 potiori
1118 2928 1313 2996 ⁴commodo
1339 2937 1374 2996 et
1402 2953 1477 3018 pro-

425 3040 443 3070 “
466 3035 574 3100 ‘ficuo
597 3034 826 3121 praedictorum
851 3031 995 3098 Abbatis
1018 3036 1053 3096 et
1069 3031 1269 3113 Conventus,
1294 3036 1330 3097 et
1354 3055 1476 3099 succes-

426 3142 444 3173 “
467 3143 599 3202 ‘sorum
622 3158 763 3214 suorum,
786 3137 822 3201 in
844 3134 907 3200 hac
928 3141 1032 3222 purte,
1044 3134 1080 3198 in
1102 3134 1207 3200 forma
1230 3135 1352 3216 debita,
1377 3142 1476 3223 prout

424 3247 442 3276 “
465 3247 581 3304 ‘casus
610 3239 749 3325 exigerit
771 3237 852 3319 fieri,
877 3236 1102 3318 conficiendas,
1126 3237 1251 3322 absque
1277 3237 1388 3325 aliqua
1408 3238 1476 3304 alia

425 3349 442 3377 “
466 3341 716 3428 ‘prosecutione
742 3338 821 3404 inde
850 3359 950 3426 pones
981 3361 1049 3418 nos,
1074 3340 1129 3404 vel
1158 3339 1304 3406 haeredes
1333 3345 1472 3422 nostros,

424 3453 441 3478 “
464 3451 547 3529 ‘pro
567 3434 813 3507 ¹reformatione
854 3441 1016 3507 dictorum
1054 3441 1251 3520 litterarum,
1288 3463 1331 3507 ex
1369 3445 1474 3510 causis

425 3551 443 3580 “
467 3545 680 3630 ‘hujusmodi
704 3543 821 3629 quovis
846 3543 998 3609 facienda
1024 3543 1144 3626 modo;
1174 3548 1208 3609 et
1239 3545 1326 3630 quod
1353 3544 1474 3612 litterae

424 3657 440 3683 “
464 3653 609 3713 ‘nostres
631 3646 809 3735 praedictae,
832 3646 879 3712 sic
905 3645 952 3711 eis
979 3645 1056 3711 inde
1083 3646 1280 3734 generaliter
1302 3646 1410 3729 factae,
1435 3671 1473 3716 ac

424 3757 443 3786 “
465 3749 589 3816 ‘ctiam
628 3771 742 3815 omnes
779 3754 813 3816 et
850 3747 989 3836 singulae
1026 3747 1174 3814 lchartae
1212 3770 1270 3836 per
1308 3770 1376 3831 noe,
1412 3756 1473 3816 aut
1528 3815 1535 3829 ,

424 3861 442 3888 “
465 3851 715 3941 ‘progenitores
737 3856 876 3930 nostros
899 3850 1021 3916 eisdem
1051 3849 1179 3916 Abbati
1210 3856 1245 3916 et
1275 3850 1473 3932 Conventui,

422 3961 440 3992 “
463 3962 526 4022 ‘ac
573 3955 773 4022 Monastcrio
810 3953 981 4042 praedicto,
1018 3953 1234 4040 quovismodo
1280 3959 1357 4020 ante
1402 3954 1473 4022 haeo

421 4067 439 4094 “
463 4064 635 4145 ‘tempora
672 4078 839 4134 concecsae,
869 4055 939 4122 sint
970 4055 1115 4142 ejusdem
1154 4055 1286 4144 vigoris,
1326 4056 1471 4138 virtutis,

421 4166 438 4200 “
462 4167 519 4228 ‘ct
541 4162 685 4240 effectus,
707 4160 813 4248 qualis
846 4163 955 4224 essent
985 4158 1012 4222 si
1044 4157 1154 4223 omnia
1184 4158 1332 4244 superius
1370 4159 1472 4246 speci-

421 4272 438 4300 “
461 4265 583 4330 ‘ficata
605 4264 679 4352 plus
704 4262 896 4350 specialiter,
918 4259 1075 4348 legitime,
1099 4265 1134 4326 et
1160 4259 1412 4346 particulariter,
1434 4261 1470 4326 in

421 4372 440 4401 “
463 4365 608 4432 ‘eisdem
629 4365 751 4432 litteris
774 4363 1038 4452 exprimerentur
1063 4368 1099 4428 et
1125 4361 1413 4450 specificarcntur3
1438 4369 1472 4430 et

421 4476 439 4503 “
462 4469 575 4554 ‘quod
612 4467 773 4556 legantur,
803 4465 1006 4552 judicentur,
1041 4469 1075 4530 et
1113 4462 1384 4544 determinentur,
1411 4487 1471 4553 pro

421 4575 441 4604 “
465 4575 582 4656 ‘parte
596 4570 743 4656 ipsorum
758 4567 900 4634 Abbatis
920 4572 956 4633 et
972 4567 1172 4646 Conventus,
1195 4573 1231 4632 ct
1252 4587 1470 4632 successorum

454 4766 462 4800 ¹
474 4769 646 4832 imperpetamu
657 4766 684 4815 in
695 4765 750 4818 MS.
1002 4761 1013 4794 ⁴
1024 4760 1120 4812 comodo
1130 4761 1157 4813 in
1168 4761 1226 4814 MS.

452 4845 600 4910 ²oonre'9erir
610 4843 636 4893 in
648 4845 704 4895 MS.
1002 4843 1011 4871 ⁵
1022 4847 1098 4892 caric
1109 4841 1136 4890 in
1148 4841 1203 4892 MS.

454 4925 465 4959 ³
476 4925 627 4977 autoritatem
638 4923 665 4973 in
677 4923 733 4974 MS.
