3668 5842
526 899 704 952 consume
727 899 1012 950 vnsmmrunn
1035 899 1214 952 succuum.
1337 886 1402 951 293

349 1094 369 1124 ‘⁴
390 1107 519 1154 necnon
533 1085 739 1152 omnimodus
753 1087 954 1154 intrusiones
969 1093 1001 1152 et
1017 1086 1184 1175 ingressus
1199 1087 1235 1152 in
1251 1087 1263 1126 ¹
1275 1093 1400 1175 tempo
1414 1099 1483 1154 AD.
1499 1107 1570 1155 ress.

358 1197 367 1226 ‘
389 1189 471 1258 ralia
493 1187 802 1276 Archiepisccpatus
816 1196 851 1255 et
873 1189 1096 1275 Episcopatus,
1114 1190 1150 1254 in
1173 1189 1401 1256 haereditatem

350 1299 368 1328 “
389 1313 490 1370 suam,
513 1290 550 1358 in
571 1296 665 1378 perte
686 1292 742 1356 vel
763 1291 799 1355 in
821 1295 903 1368 toto,
925 1297 1001 1378 post
1023 1296 1163 1358 mortem
1186 1291 1400 1379 praedecesso-

349 1402 461 1460 “rum
483 1415 625 1474 suorum,
649 1399 683 1460 et
704 1397 945 1460 autecessorum
973 1415 1119 1474 suorum,
1141 1394 1265 1480 absque
1287 1395 1401 1462 debita

349 1505 367 1532 “
388 1497 623 1584 prosecutione,
645 1496 851 1574 liberatione,
874 1517 933 1562 seu
962 1496 1182 1576 restitutione,
1211 1497 1399 1577 eonmdem,

349 1609 368 1634 “
388 1603 485 1665 extre
513 1620 647 1664 manum
677 1599 810 1688 regium,
833 1604 912 1665 ante
935 1598 1076 1666 eundem
1105 1598 1283 1685 septimum
1312 1599 1400 1666 diem

349 1709 367 1736 ‘⁸
388 1699 542 1766 Jauuarii
578 1699 709 1779 fudam
752 1723 820 1766 unc
865 1721 938 1766 cum
984 1699 1130 1767 exitibus
1175 1703 1210 1765 et
1246 1701 1401 1788 proficuis

351 1810 370 1839 ‘⁴
391 1801 469 1869 inde
490 1801 600 1872 medio
621 1808 769 1891 tempore
788 1802 959 1891 perceptis.
1004 1802 1051 1868 Et
1073 1802 1216 1888 insuper,
1238 1803 1401 1890 perdona-

350 1914 368 1942 “
390 1906 508 1987 vimus,
545 1905 738 1985 remisimus,
776 1909 812 1972 et
848 1903 1079 1982 relaxavimus,
1111 1904 1233 1971 eisdem
1271 1904 1400 1971 Abbati

350 2017 368 2044 “
390 2013 424 2074 et
446 2006 634 2074 Conventui
659 2007 864 2075 omnimodus
893 2027 1009 2095 poenas
1036 2011 1115 2073 ante
1144 2005 1270 2073 dictum
1298 2007 1400 2094 septi-

351 2118 370 2148 ‘⁸
391 2132 480 2176 mum
496 2109 584 2176 diem
606 2109 760 2178 Jauuarii
779 2109 970 2184 forisfactus,
991 2131 1101 2175 coram
1122 2108 1219 2176 nobis
1239 2131 1297 2176 seu
1312 2108 1399 2176 Con-

351 2213 462 2278 “silio
484 2217 606 2293 nostro,
636 2211 847 2292 cancellario,
876 2211 1101 2291 Thesaururio,
1124 2234 1182 2278 seu
1211 2212 1322 2300 aliquo
1343 2213 1399 2298 ju-

351 2315 502 2382 “dicum
524 2320 720 2397 nostrorum,
743 2337 803 2403 pro
833 2313 945 2400 aliqua
975 2335 1080 2393 cause,
1111 2318 1145 2379 et
1175 2335 1288 2380 omnes
1316 2315 1400 2381 alias

350 2426 368 2454 ‘⁸
389 2439 512 2505 poenas,
542 2421 612 2482 tam
635 2417 731 2484 nobis
757 2437 855 2502 quam
886 2415 1051 2482 carissimo
1080 2416 1170 2502 petri
1198 2423 1312 2483 nostro
1342 2418 1399 2483 de·

352 2527 370 2556 “
392 2520 514 2600 functo,
529 2540 589 2607 per
610 2520 698 2608 ipsos
713 2517 881 2584 Abbatem
907 2523 942 2584 et
964 2517 1183 2598 conventum,
1206 2540 1266 2606 pro
1288 2519 1399 2606 ulique

350 2629 368 2656 “
389 2643 496 2700 causa,
525 2627 605 2688 ante
642 2620 768 2687 dictum
798 2620 974 2706 septimum
1004 2619 1092 2686 diem
1120 2620 1276 2686 «ianuarii
1304 2621 1398 2688 foris-

349 2731 367 2760 “
388 2724 500 2802 factas,
530 2727 566 2789 et
594 2723 637 2788 ed
667 2745 748 2810 opus
777 2727 928 2787 nostrum
958 2721 1136 2790 levandas:
1172 2744 1210 2789 uc
1240 2725 1399 2791 omnimo·

351 2835 368 2862 “
390 2825 449 2892 dus
480 2825 672 2891 securitates
702 2823 791 2913 pecie
819 2829 899 2891 ante
928 2823 1071 2890 eundem
1103 2826 1280 2911 septimum
1309 2827 1397 2892 diem

350 2933 368 2963 “
390 2927 544 2994 «Ianuarii
574 2927 726 2994 similiter
755 2926 963 3007 forisfuctes3
1001 2947 1039 2992 ac
1076 2927 1177 2993 etiam
1207 2928 1333 3008 tertias,
1363 2936 1398 2997 et

349 3031 565 3097 “tertiarum
603 3029 728 3108 tertias,
767 3027 1030 3095 omnimodorum
1069 3027 1325 3114 prisonariorum
1361 3031 1398 3097 iu

348 3139 505 3220 “guerra
530 3136 709 3218 captorum,
739 3131 835 3196 nobis
865 3129 954 3196 dicto
990 3129 1129 3217 septimo
1159 3130 1213 3197 die
1242 3131 1398 3198 «ianuarii

348 3234 658 3321 “qualitercunque
688 3232 827 3314 debitas,
859 3232 1071 3320 pertinentes,
1102 3232 1173 3299 sive
1203 3239 1397 3320 spectantes,

349 3344 447 3424 “per
470 3335 599 3402 eosdem
622 3335 787 3401 Abbatem
815 3339 850 3402 et
873 3333 1103 3417 Conventum3
1134 3357 1262 3403 necnon
1291 3339 1396 3403 omni-

349 3445 366 3476 “
389 3439 503 3505 modas
525 3437 711 3516 demandes,
734 3437 1017 3525 transgressiones,
1040 3437 1190 3517 offensus,
1211 3440 1397 3526 mesprisio·

348 3549 365 3578 “
388 3563 455 3620 nes,
477 3545 694 3628 contemptus,
719 3543 754 3606 et
778 3537 1013 3626 impetitiones,
1035 3561 1095 3628 per
1119 3541 1208 3627 ipsos
1231 3541 1397 3609 Abbatem

347 3651 365 3680 “
387 3646 422 3709 et
437 3642 658 3722 Conventum,
673 3645 750 3706 ante
766 3640 906 3706 eundem
929 3641 1106 3728 septimum
1129 3641 1215 3709 diem
1232 3642 1257 3709 J
1258 3645 1396 3724 anuarii,

348 3751 367 3783 “
389 3755 504 3812 contra
524 3743 663 3810 formam
692 3747 762 3808 tam
792 3765 1060 3831 quorumcunque
1090 3744 1311 3825 Statutorum,
1345 3769 1397 3813 or-

349 3855 366 3884 “
388 3846 606 3923 dinationum,
632 3850 666 3910 et
695 3844 930 3932 provisionum,
960 3852 1039 3911 ente
1066 3845 1191 3912 dictum
1220 3849 1396 3935 septimum

348 3957 365 3986 “
387 3949 475 4016 diem
497 3947 661 4029 anuarii,
684 3948 845 4014 fuctomm
874 3947 944 4012 sive
974 3947 1149 4027 editorum,
1173 3949 1214 4015 de
1239 3951 1395 4038 perquisi-

349 4059 366 4088 “
388 4051 544 4128 tionibus,
569 4048 859 4136 acceptationibus,
881 4048 1087 4128 lectionibus,
1110 4050 1397 4138 publicationibus,

348 4159 367 4189 “
388 4153 677 4230 notificationibus,
701 4157 735 4218 et
758 4151 1016 4234 executionibus,
1036 4151 1292 4240 quibuscunque,
1316 4177 1396 4241 qua·

346 4265 364 4292 ‘⁴
387 4277 588 4343 rumcunque
618 4255 819 4321 Litterarum
857 4259 891 4321 et
927 4254 1098 4320 Bullarum
1121 4255 1395 4344 Apostolicarum,

346 4363 465 4424 “cute
494 4358 620 4424 dictum
650 4356 826 4444 septimum
860 4355 948 4422 diem
984 4356 1148 4436 Junuarii,
1179 4363 1214 4423 et
1248 4359 1395 4425 omnium

347 4469 363 4496 ‘¹
386 4460 525 4526 eliorum
540 4455 546 4466 '
559 4459 776 4538 Stututorum,
809 4457 1065 4536 ordinationum,
1095 4463 1130 4524 et
1161 4459 1396 4546 provisionum,

348 4570 366 4599 ‘⁴
389 4567 555 4650 praetextu
577 4582 715 4648 quorum
739 4559 851 4647 aliqua
873 4563 961 4625 secta
983 4581 1096 4625 versus
1126 4561 1257 4627 eosdem
1283 4562 1396 4629 Abba·

764 4827 771 4860 ²
784 4824 925 4894 temporalia
935 4826 963 4876 in
974 4825 1030 4878 MS.
