3582 5838
496 923 670 974 rosunum
692 925 977 1005 wsmurusrson
999 926 1176 978 susurrus.
1289 915 1353 978 213

299 1119 317 1146 “
339 1116 375 1177 et
399 1111 585 1177 Willelmus
607 1113 706 1191 Beue,
735 1111 938 1200 Capelianus,
970 1114 1111 1180 salutem
1141 1115 1177 1179 in
1208 1095 1520 1189 DominoA.1).1rs⁵.

299 1221 316 1248 “
338 1215 579 1300 sempiternom.
634 1214 805 1281 Noveritis
838 1236 907 1293 nos,
944 1215 1117 1303 praedictos
1156 1215 1348 1296 Gersrdum,
1362 1221 1502 1284 sensuali,

299 1323 317 1349 “
339 1315 550 1397 willelmum,
572 1317 762 1396 Robertum,
786 1317 939 1394 Alienum,
964 1321 998 1383 et
1020 1317 1222 1384 Willelmum
1248 1319 1348 1396 Beue,
1361 1289 1474 1406 ’ἓξὲξ

298 1425 316 1452 “
338 1419 509 1500 remisisse,
532 1418 703 1498 relaxasse,
724 1425 758 1486 et
784 1419 925 1498 omnino,
945 1441 1004 1506 pro
1027 1420 1123 1486 nobis
1146 1425 1182 1485 et
1210 1421 1348 1486 haeredi·
1361 1419 1464 1471 cunm

299 1527 315 1554 “
339 1520 400 1585 bus
422 1522 551 1599 nostris,
574 1520 634 1587 1in
656 1528 852 1610 perpetuum
875 1521 1194 1608 quietum-olemesse
1213 1523 1348 1590 Thomee
1359 1493 1430 1606 epifi
1446 1559 1517 1607 1420,

298 1629 318 1658 “
341 1621 547 1702 Ohsrletone,
579 1624 648 1690 filio
680 1629 716 1690 et
754 1623 877 1690 heeredi
906 1623 1041 1690 Thomae
1071 1623 1277 1704 Oherletone,
1307 1625 1349 1692 de

300 1731 317 1759 ‘⁶
341 1725 511 1792 Comitetu
522 1726 750 1804 Middilsexise,
762 1725 919 1806 defuncti,
929 1725 1116 1792 haeredibus
1126 1731 1161 1791 et
1172 1725 1348 1815 assignetis

296 1833 315 1863 “
339 1829 406 1892 suis
428 1825 489 1892 ¹in
510 1835 713 1915 perpetuum,
737 1833 847 1894 totum
879 1832 1005 1893 statum
1037 1832 1196 1910 nostrum,
1213 1828 1279 1914 jus,
1314 1823 1348 1894 et

298 1935 316 1964 ‘¹
339 1929 508 2007 clemeum,
521 1953 597 2016 quae
607 1951 753 2016 unquam
768 1928 953 2010 habuimus,
964 1930 1131 2008 hebemus,
1143 1951 1200 1996 seu
1215 1931 1346 2016 quovis-

297 2041 314 2066 “
339 2033 435 2097 modo
450 2033 486 2098 in
499 2033 612 2100 futuro
627 2033 748 2098 hebere
762 2033 949 2120 poterimus,
965 2033 1001 2098 in
1023 2038 1096 2098 toto
1119 2033 1177 2099 illo
1199 2033 1347 2100 monerio

297 2140 317 2170 “
341 2135 381 2200 de
405 2135 663 2214 Burstonehelle,
690 2136 726 2200 in
748 2135 917 2202 Comitetu
938 2135 1149 2214 Hertfordiae,
1173 2157 1247 2202 eum
1278 2158 1347 2203 om-

296 2243 315 2271 “
338 2237 436 2302 nibus
458 2238 525 2303 suis
555 2238 773 2325 pertinentiis,
796 2237 885 2323 quod
907 2238 1073 2323 quondam
1102 2239 1168 2303 fuit
1197 2239 1347 2326 predicti

297 2347 314 2372 “
338 2337 472 2405 Thomee
504 2339 707 2420 Oherletone‚
731 2339 853 2427 petris3
877 2339 917 2404 de
940 2360 1006 2425 quo
1033 2340 1167 2425 quidem
1191 2341 1346 2421 monerio,

296 2447 315 2476 ‘⁴
338 2463 412 2506 cum
443 2442 513 2507 suis
534 2442 754 2528 pertinentiis,
783 2443 826 2508 ad
856 2463 952 2507 usum
983 2447 1018 2507 et
1051 2441 1234 2529 proficuum
1265 2443 1346 2510 dieti

296 2549 312 2577 “
336 2543 470 2610 Thomee
498 2543 703 2623 Charietone,
729 2545 841 2630 petris,
871 2543 998 2610 feoffeti
1028 2543 1159 2611 fuimus.
1206 2545 1249 2610 In
1279 2567 1344 2632 quo

296 2646 468 2730 “quidem
507 2647 662 2724 manerio,
699 2668 774 2712 oum
811 2647 880 2714 suis
917 2647 1135 2734 pertinentiis,
1166 2647 1345 2734 praediotus

297 2738 314 2780 ‘'‘
337 2747 478 2813 Thomas
510 2748 714 2828 Ohsrletone,
745 2748 841 2829 filius,
872 2753 912 2814 ut
941 2748 1029 2814 filius
1060 2754 1095 2814 et
1124 2749 1229 2815 heere's
1262 2749 1345 2816 dieti

295 2855 313 2884 “
337 2849 472 2916 Thomae
499 2850 704 2928 Oherletone,
727 2851 832 2938 petris
854 2851 915 2928 sui,
937 2854 1174 2937 postmortem
1196 2851 1344 2937 ejusdem

295 2959 314 2984 “
335 2951 438 3037 petris
453 2953 513 3031 sui,
527 2973 632 3039 nuper
654 2953 805 3034 intravit,
821 2952 904 3018 illud
919 2951 1090 3018 elemondo
1105 2950 1170 3016 sibi
1192 2957 1227 3018 et
1242 2953 1346 3019 haere·

295 3061 313 3088 ‘¹
336 3053 434 3120 dibus
463 3055 529 3121 suis
560 3052 617 3119 1iu
647 3061 842 3142 perpetuum
864 3055 985 3121 hebere
1007 3059 1042 3120 et
1064 3059 1184 3132 tenere,
1206 3060 1241 3120 et
1262 3039 1345 3121 illud

293 3163 312 3192 “
334 3155 381 3220 sio
394 3157 428 3219 iu
446 3177 505 3221 sua
527 3157 726 3243 possessione
741 3157 842 3223 hebet
864 3163 898 3224 et
916 3162 1009 3222 tenet
1023 3157 1060 3221 in
1081 3157 1234 3243 presenti.
1279 3157 1344 3240 Ito,

294 3263 312 3294 “
334 3258 495 3337 videlieet,
512 3261 601 3346 quod
622 3281 682 3325 nee
704 3282 773 3338 nos,
790 3259 940 3346 praedioti
956 3259 1128 3338 Gererdus,
1149 3259 1343 3343 Willelmus,

294 3367 312 3396 ‘³
334 3361 506 3440 Robertus,
529 3363 664 3442 Alenus,
687 3368 722 3430 et
753 3362 944 3442 Willelmus,
968 3383 1029 3427 nee
1057 3360 1202 3428 hoeredes
1231 3363 1345 3443 nostri,

293 3473 311 3500 “
333 3485 393 3530 neo
414 3464 531 3550 aliquis
553 3469 712 3543 nostrum,
736 3486 796 3530 nee
817 3464 936 3550 aliquis
963 3463 1048 3529 elius
1069 3485 1128 3550 pro
1158 3465 1263 3546 nobis,
1286 3487 1344 3531 seu
1453 3514 1454 3517 ,

292 3573 310 3601 ‘⁴
333 3567 465 3632 nomine
486 3572 607 3644 nostro,
630 3566 764 3651 aliquod
785 3569 920 3646 ststum,
940 3567 1006 3652 jus,
1029 3586 1088 3630 seu
1115 3565 1284 3649 elameum,
1306 3569 1343 3633 in

293 3677 310 3704 “
332 3664 489 3756 prsedioto
512 3668 758 3746 maneriorum
781 3668 848 3733 suis
870 3667 1090 3754 pertinentiis,
1105 3690 1165 3735 neo
1179 3667 1215 3733 in
1230 3669 1342 3756 eliqua

293 3779 312 3806 “
333 3771 411 3836 inde
433 3771 579 3858 parcella,
602 3769 643 3834 de
666 3775 784 3836 ceetero
807 3769 946 3857 exigere,
969 3769 1098 3849 hebere,
1121 3771 1270 3852 elamore,
1287 3773 1341 3838 vel

293 3881 311 3908 “
333 3873 515 3952 vendicare,
546 3872 735 3958 poterimus,
759 3892 820 3936 nee
857 3871 1013 3938 debemus
1051 3872 1267 3959 quovismodo
1305 3873 1341 3938 in

291 3985 309 4011 “
331 3976 501 4055 futurum3
523 3974 580 4040 sed
603 3973 646 4038 sb
668 3974 758 4039 omni
780 3974 917 4055 actione,
940 3979 1039 4052 stetu,
1049 3974 1135 4060 jure,
1153 3979 1188 4039 et
1205 3973 1339 4055 elemeo,

290 4084 309 4112 “
331 4078 409 4143 inde
430 4077 533 4142 simus
554 4075 687 4163 penitus
717 4074 840 4141 exclusi
871 4073 929 4140 ¹in
951 4080 1145 4163 perpetuum
1169 4097 1227 4162 per
1256 4096 1340 4162 prse-

290 4185 309 4214 “
331 4183 444 4246 sentes.
503 4178 546 4242 In
583 4178 675 4265 eujus
712 4179 760 4242 rei
797 4177 1033 4258 testimonium,
1071 4177 1148 4243 huie
1185 4179 1339 4263 praesenti

291 4287 309 4316 ‘⁴
332 4281 453 4368 scripto
479 4285 592 4346 nostro
615 4279 724 4368 sigillo
749 4284 863 4345 nostre
889 4280 1105 4367 apposuimus.
1146 4279 1222 4345 Hiis
1246 4280 1337 4344 testi·

291 4392 308 4418 “
330 4383 401 4463 bus,
423 4383 577 4449 Jobunne
600 4382 735 4460 Hotost,
757 4381 935 4447 Edmundo
957 4381 1215 4459 Bibbesworthe,
1231 4381 1338 4447 Adem

290 4495 308 4523 “
331 4491 401 4551 atte
417 4485 529 4564 Welle,
545 4485 568 4550 J
570 4484 698 4550 ohanne
724 4484 866 4562 warner,
883 4482 1049 4549 Willelmo
1071 4483 1192 4562 Todde,
1207 4489 1241 4550 et
1256 4483 1336 4550 aliis

667 4769 673 4798 ¹
689 4769 856 4832 imperpetuum
867 4765 892 4815 in
903 4765 959 4816 MS.
