3560 5838
476 879 540 946 466
866 891 1045 942 eremum
1069 874 1128 963 (u).

520 1079 638 1162 1Item,
663 1080 830 1148 Viearium
852 1081 976 1148 ibidem
998 1082 1035 1146 in
1060 1081 1232 1148 Rectorem
1254 1081 1379 1147 erexit:
1403 1099 1519 1146 eonve-

474 1183 589 1270 nitque
612 1203 686 1248 oum
708 1205 755 1261 eo,
778 1185 934 1270 quatinus
956 1185 999 1249 ad
1029 1185 1138 1252 minus
1160 1189 1213 1250 ter
1233 1184 1270 1250 in
1291 1180 1521 1250 ²hebd0mads

476 1285 610 1350 Missam
632 1306 691 1371 pro
713 1285 889 1351 fundatore
911 1285 1089 1352 celebraret
1111 1286 1148 1350 in
1169 1285 1239 1351 loeo
1261 1284 1327 1352 illo.

520 1387 615 1465 Item,
639 1387 777 1474 singuiis
800 1385 1032 1466 8scholaribus,
1056 1386 1267 1454 studentibus
1288 1384 1402 1473 ⁴apud
1431 1384 1519 1452 Oxo-

473 1489 555 1566 nias,
578 1489 744 1572 ooneessit,
760 1489 797 1554 in
812 1489 1050 1555 incrementum
1066 1512 1134 1556 suae
1157 1489 1329 1576 pensionis,
1345 1486 1518 1554 tresdecim

476 1590 596 1656 solidos
625 1596 660 1656 et
685 1597 827 1677 quatuor
850 1591 1009 1670 denarios,
1035 1591 1079 1657 ad
1103 1591 1204 1658 finem
1230 1589 1333 1671 illum,
1349 1593 1384 1656 et
1409 1589 1517 1652 inten-

475 1697 557 1772 tum,
575 1698 615 1758 ut
637 1692 701 1779 ipsi
723 1693 870 1779 quotidie
893 1694 995 1759 etiam
1017 1698 1150 1759 orarent
1170 1713 1229 1780 pm
1252 1694 1323 1779 ipso
1344 1690 1518 1757 fundatore

474 1795 511 1859 in
544 1795 654 1860 Missis
685 1796 758 1860 suis
804 1795 849 1860 Et
881 1795 967 1861 eirea
998 1794 1082 1860 hano
1113 1795 1278 1872 unionem,
1300 1797 1335 1859 et
1365 1811 1425 1879 pro
1455 1789 1518 1857 loci

473 1895 721 1976 indebitatione‚
753 1896 947 1984 expendisse
977 1896 1083 1962 fertur
1113 1895 1203 1964 ultre
1234 1917 1396 1962 summam
1424 1913 1517 1960 sexu·

473 1999 568 2086 ginta
590 1999 701 2066 decem
724 2003 759 2064 et
780 2020 899 2064 novem
920 1999 1087 2064 librarum.

518 2100 637 2178 ³1tem,
659 2101 747 2166 idem
779 2099 893 2166 Abbee
927 2102 995 2166 suis
1028 2101 1065 2166 in
1096 2100 1300 2187 temporibus
1330 2097 1518 2166 melioravit

473 2201 656 2268 manerium
689 2202 730 2267 de
763 2202 995 2288 Tytenlmngre
1029 2203 1195 2288 usquead
1219 2223 1381 2268 summam
1406 2202 1517 2266 desem

472 2303 630 2369 librarum
652 2325 711 2390 per
733 2325 864 2370 annum.

518 2403 634 2482 “Item
658 2405 844 2470 melioravit
866 2407 1048 2472 manerium
1071 2405 1111 2472 de
1126 2405 1335 2492 Wyneslowe
1356 2425 1461 2491 usque
1474 2403 1517 2469 ad

471 2528 634 2572 summam
657 2507 768 2572 deoem
790 2529 973 2572 marearum
995 2529 1205 2594 perannum.

516 2607 636 2689 ⁷Item,
659 2608 841 2674 manerium
863 2610 903 2675 de
925 2607 1223 2694 Rykmersworthe,
1239 2629 1342 2695 usque
1363 2607 1407 2673 ad
1429 2629 1517 2674 sum·

472 2733 560 2778 mem
581 2711 801 2798 quadraginta
815 2733 875 2778 sex
889 2711 1068 2777 solidorum
1091 2716 1126 2778 et
1148 2716 1221 2778 ueto
1237 2709 1444 2776 denariorum
1459 2729 1517 2796 per

470 2835 605 2882 annum.

517 2916 634 2999 ”Item
669 2915 852 2981 manerium
882 2917 924 2981 de
957 2914 1104 2998 Dolowe,
1138 2936 1243 3001 usque
1275 2915 1318 2980 ed
1354 2935 1516 2980 summam

473 3018 614 3084 duarum
635 3039 819 3084 marearum
840 3038 899 3104 per
920 3039 1053 3084 annum.

517 3117 637 3198 ⁹Item,
660 3121 842 3185 manerium
874 3118 916 3185 de
947 3119 1121 3204 Oodyoote,
1144 3140 1249 3205 usque
1278 3117 1322 3183 ad
1354 3137 1516 3183 summam

472 3221 574 3288 trium
596 3222 755 3287 librarum
777 3226 812 3287 et
834 3222 946 3288 decem
968 3221 1145 3287 solidorum
1167 3240 1377 3307 perennem.

517 3325 612 3403 Item,
643 3323 834 3402 manerium,
865 3323 934 3388 sive
965 3323 1157 3402 dominium,
1185 3324 1226 3388 de
1257 3322 1515 3406 Remotusque

472 3427 515 3491 ad
537 3447 700 3491 summam
723 3426 943 3514 quadraginta
972 3424 1152 3494 solidorum
1174 3429 1209 3492 et
1230 3445 1289 3491 sex
1311 3423 1517 3490 denariorum

471 3545 530 3612 per
551 3547 684 3591 annum.

516 3627 612 3704 Item,
635 3627 820 3693 manerium
852 3627 893 3694 de
922 3627 1124 3714 Sandmgge,
1147 3647 1250 3714 usque
1281 3627 1325 3694 ed
1353 3647 1516 3692 summam

470 3727 693 3814 quadraginta
715 3728 894 3794 solidorum
916 3751 1128 3817 perannum.

515 3828 542 3868 ¹⁰
551 3831 646 3911 Item,
670 3833 874 3920 mesuagium
897 3833 938 3898 de
961 3833 1089 3919 Hylles,
1104 3831 1193 3897 infra
1212 3832 1300 3899 idem
1323 3831 1514 3910 dominium,

470 3953 573 4018 usque
597 3933 640 3999 ud
663 3955 825 4000 summam
847 3935 992 4021 quinque
1015 3935 1223 4002 denariorum
1246 3956 1305 4021 per
1327 3955 1462 4000 annum.

504 4164 513 4196 ¹
533 4163 635 4216 Vioarie
655 4167 680 4214 ia
692 4165 832 4216 Recton'am
849 4175 972 4218 erecta·
1048 4163 1213 4217 rrimus
1245 4167 1275 4216 de
1311 4165 1517 4231 Ryhoemrrte

470 4246 595 4312 Marginal
608 4246 682 4296 Note.
1015 4245 1332 4311 aslianna—marginal
1342 4246 1420 4297 Note.

502 4323 696 4375 ‘ebdomadam
708 4323 763 4375 MS.
1046 4321 1513 4376 ⁸MeaerimdeDolownelieretsss.

502 4403 513 4438 ⁸
524 4401 662 4454 maritus
673 4402 701 4452 in
712 4401 769 4454 MS.
1014 4403 1140 4470 ungine
1151 4405 1225 4455 Note.
1450 4437 1462 4456 t

502 4482 513 4515 ⁴
524 4488 586 4548 aput
596 4481 623 4532 in
635 4481 692 4533 MS.
1045 4480 1187 4534 ⁹Mauorte
1206 4482 1235 4532 de
1256 4481 1386 4547 Codycota
1408 4481 1516 4545 Bene,

502 4561 512 4594 ⁵
523 4560 669 4612 Monetium
693 4561 721 4610 de
742 4559 911 4626 ryaealanyre
922 4577 969 4610 sse-
1012 4569 1036 4612 el
1055 4559 1205 4627 Soada-appe,
1217 4559 1514 4626 melma-Mum

466 4639 747 4705 lieentum-Murgiml
757 4640 830 4691 Note.
1011 4642 1084 4693 Note.

503 4717 514 4752 ⁸
524 4718 666 4769 Maserius
677 4717 707 4770 de
722 4717 849 4771 wialan
858 4717 967 4770 adiuro·
1044 4717 1369 4785 unimammas
1381 4720 1513 4768 munina

468 4796 687 4864 lm-Marglnd
698 4797 772 4850 Note.
1010 4797 1216 4864 dePurdeburyes
1229 4797 1307 4849 Tim
1315 4797 1513 4862 lustPym-
