3588 5838
482 918 658 968 tonsurus
681 917 966 968 wflmmsuumt
988 917 1170 968 SECUNDAE.
1292 903 1355 968 113

346 1107 469 1186 Abbas,
491 1108 532 1174 de
554 1107 742 1194 hujusmodi
764 1108 997 1176 sollicitatione
1011 1108 1179 1174 admirans
1195 1129 1262 1174 non
1283 1129 1354 1174 mo·
1365 1120 1435 1174 eo.
1448 1127 1521 1175 1⁴5³.

302 1208 382 1288 dice,
397 1231 457 1297 pro
472 1230 511 1276 eo
525 1211 615 1297 quod
636 1211 708 1298 ipse
730 1211 779 1276 nil
800 1211 893 1277 aliud
915 1210 1076 1276 habuerat
1097 1212 1134 1276 in
1156 1209 1352 1287 intentione,
1365 1211 1521 1290 ‚TheAbbot

300 1311 366 1376 nisi
395 1317 435 1377 ut
464 1319 590 1379 statum
622 1335 691 1380 sum
712 1313 874 1400 portionis
896 1313 1039 1400 perfecte
1063 1317 1279 1400 cognosceret,
1301 1281 1490 1394 in-ssfmwk,

300 1413 526 1502 telligeretque
537 1415 712 1502 perfectius
727 1414 870 1502 qualiter
882 1415 987 1481 frater
1000 1415 1117 1494 dictus,
1129 1415 1188 1501 qui
1203 1437 1224 1479 a
1237 1414 1351 1480 multis
1362 1411 1428 1476 prese
1439 1421 1465 1463 εἰ

300 1517 519 1603 reputabatur
541 1509 716 1583 officiarius
738 1517 916 1604 plurimum
942 1517 1176 1595 commodasse,
1191 1515 1276 1582 sein
1291 1477 1501 1610 cmii-iffi

299 1617 585 1686 administratione
607 1619 815 1708 gubernaret,
835 1619 1054 1707 respondebat
1076 1619 1197 1684 iterum
1220 1618 1350 1685 nunciis

300 1718 366 1785 illis
387 1720 542 1786 omnibus
563 1721 673 1788 verbis
695 1721 808 1810 paucis
830 1737 865 1788 et
887 1721 1039 1808 pacificis,
1061 1720 1112 1786 ita
1133 1720 1244 1786 dicens
1258 1744 1311 1785 :—

344 1827 362 1856 “
376 1821 548 1909 Depellere
584 1823 654 1889 sive
688 1815 850 1909 deponere
884 1815 1021 1889 fratrem
1058 1822 1186 1889 dictum
1223 1845 1244 1888 a
1280 1822 1519 1888 suisHismver

300 1931 318 1958 “
341 1921 463 2003 officiis,
486 1947 546 1990 nec
577 1931 741 2003 arataeo
771 1923 879 1990 adhuc
907 1929 967 2002 est,
993 1929 1116 1991 nostrae
1140 1923 1347 2005 intentionis,
1360 1898 1475 1950 nahem.

299 2033 318 2060 “
338 2025 404 2091 nisi
419 2032 581 2113 quatenus
594 2026 691 2092 nobis
699 2039 855 2114 magnam
869 2027 1093 2112 grandemque
1108 2026 1349 2093 ministraverit

299 2132 318 2163 “
338 2129 511 2194 materiam
535 2129 761 2216 depositionis.
805 2127 848 2194 In
870 2150 947 2195 casu
970 2129 1059 2216 quod
1073 2129 1125 2195 ita
1138 2129 1260 2209 fecerit,
1276 2151 1349 2216 par·

300 2236 318 2264 “
340 2236 418 2297 cant
451 2236 532 2298 tunc
564 2231 661 2297 nobis
693 2231 943 2311 dominationes,
979 2233 1057 2317 quia
1090 2232 1127 2297 in
1160 2231 1348 2318 hujusmodi

299 2337 317 2366 “
338 2333 482 2420 negotiis
504 2333 636 2400 obedire
652 2331 724 2399 Deo
748 2333 853 2421 magis
876 2341 1007 2421 oportet
1028 2355 1127 2420 quam
1151 2333 1347 2414 bominibus,

300 2439 318 2466 “
339 2433 574 2521 advertensque
590 2435 700 2521 potius
715 2435 759 2500 ad
773 2434 942 2522 publicum
957 2435 1112 2502 Ecclesiae
1134 2436 1346 2516 commodum,

299 2545 317 2578 ‘¹
338 2557 436 2622 quam
461 2537 600 2624 privatis
618 2537 690 2603 sive
712 2537 895 2623 procuratis
909 2539 1165 2604 condescendere
1180 2538 1348 2604 desideriis

299 2643 318 2671 “
340 2637 556 2707 dominomm.
602 2639 785 2719 Recedatis,
809 2639 922 2725 igitur,
948 2647 983 2706 et
1004 2641 1179 2727 reportetis
1207 2641 1347 2706 dominis

299 2747 316 2772 “
336 2741 456 2806 vestris
470 2740 747 2827 quemadmodum
762 2741 859 2808 vobis
876 2741 1043 2822 diximus3
1065 2742 1143 2828 quia
1157 2763 1225 2807 nou
1239 2743 1346 2824 aliter,

298 2847 317 2874 “
339 2863 398 2908 nec
419 2843 485 2908 alio
516 2843 623 2921 modo,
652 2844 856 2910 intendimus
885 2843 936 2908 illi
965 2844 1079 2924 facere,
1109 2850 1169 2910 aut
1198 2865 1346 2930 unquam

296 2949 316 2978 “
338 2950 436 3010 antea
458 2965 555 3032 agere
577 2944 857 3012 intendebamus.”

341 3045 535 3113 Licentiatis
560 3048 624 3114 sub
648 3047 759 3113 verbis
782 3046 857 3114 istis
879 3045 1010 3112 nunciis
1034 3047 1140 3126 dictis,
1163 3046 1345 3134 humilique
1357 3051 1485 3117 Bergan

297 3167 356 3232 per
375 3149 463 3236 ipsos
486 3149 680 3216 transmissa
697 3147 1024 3226 recommendatione,
1039 3153 1138 3236 prout
1158 3155 1240 3215 tunc
1261 3154 1343 3215 tem-
1357 3133 1512 3237 fflffip

297 3250 384 3338 poris
406 3257 477 3317 erat
499 3252 606 3334 moris,
628 3253 786 3339 processit
808 3251 972 3340 posterius
1002 3251 1038 3316 in
1064 3251 1232 3338 proposito
1256 3249 1434 3337 quodwhi·

296 3353 395 3438 prius,
417 3375 492 3420 cum
514 3354 595 3434 Deo,
624 3354 812 3442 inceperat;
841 3357 1022 3440 vocatoque
1052 3353 1095 3418 ad
1120 3374 1154 3419 se
1181 3333 1483 3420 Officiariopmenee.

296 3455 472 3536 antedicto,
496 3455 527 3521 ei
549 3455 663 3522 taliter
684 3456 903 3524 inferebat.-

341 3563 360 3593 “
375 3557 501 3639 Frater,
525 3559 716 3625 mediarunt
743 3580 804 3646 pro
829 3565 864 3625 te
890 3557 1016 3624 domini
1041 3557 1159 3644 plures,
1182 3563 1344 3644 quatenus
1356 3563 1420 3643 Aac
1434 3569 1512 3640 aare

296 3667 313 3694 “
335 3660 397 3727 sub
410 3659 533 3726 nostris
547 3660 779 3726 benevolentia
794 3665 828 3727 et
843 3658 955 3725 favore
978 3664 1065 3725 stare
1087 3681 1197 3746 posses
1211 3661 1344 3748 pacifice
1355 3629 1504 3746 fflffi

296 3768 313 3797 “
334 3761 372 3826 in
392 3761 547 3829 omnibus
561 3761 676 3828 officiis
697 3761 773 3840 tuis,
789 3768 824 3828 et
845 3761 1009 3849 praecipue
1031 3762 1068 3827 in
1087 3761 1154 3827 illis
1168 3783 1242 3848 quae
1265 3768 1344 3828 sunt
1356 3763 1512 3814 eorumve

296 3863 468 3930 “levioris
497 3865 614 3943 oneris,
643 3864 678 3930 in
707 3865 830 3930 honore
860 3869 972 3930 tamen
1003 3863 1093 3950 apud
1122 3886 1182 3930 nos
1211 3863 1343 3950 majoris
1355 3829 1483 3960 {ffiffl

296 3971 315 4000 ‘⁸
338 3965 519 4054 dignitatis.
565 3967 655 4033 Beue
677 3965 786 4055 placet
806 3965 912 4045 nobis,
935 3966 1046 4046 frater,
1074 3965 1164 4051 quod
1193 3964 1242 4030 ita
1267 3972 1342 4046 stes,
1354 3975 1425 4078 {20¹⁰
1439 3961 1511 4012 ”⁸¹⁸-

296 4075 313 4103 “
335 4067 522 4149 dummodo,
544 4091 619 4136 cum
641 4090 736 4136 servo
758 4069 797 4133 in
826 4068 1017 4156 Evangelio,
1040 4089 1149 4155 posset
1170 4066 1266 4132 nobis
1287 4037 1468 4145 tre-acedieris

297 4177 313 4204 ‘⁴
335 4170 456 4237 raciter
480 4169 835 4250 dicere,-¹‘Domine,
852 4169 998 4257 quinque
1025 4169 1154 4235 talenta
1175 4167 1344 4235 tradidisti

296 4279 313 4354 ξ’
336 4269 475 4352 ‘’mihi,
509 4272 655 4340 lucratus
691 4293 764 4338 sum
797 4272 932 4359 insuper
968 4271 1035 4337 alia
1070 4270 1232 4357 quinque?
1283 4270 1344 4337 Sin

297 4379 314 4408 “
337 4379 458 4457 autem,
474 4374 557 4441 scias
578 4396 639 4441 nos
660 4373 745 4440 velle
768 4373 866 4439 citius
888 4373 925 4438 in
947 4373 1060 4438 odium
1082 4371 1225 4437 incidere
1239 4372 1344 4438 domi-

297 4484 315 4510 “
337 4477 490 4556 nationis,
506 4499 606 4564 quam
621 4497 717 4564 agere
731 4481 848 4542 contra
861 4475 1045 4541 doctrinam
1057 4473 1149 4540 Sacri
1163 4475 1344 4563 Evangelii,

298 4587 316 4612 ‘¹
338 4586 373 4645 ct
394 4580 584 4668 permittere
605 4587 639 4645 te
671 4577 818 4656 ulterius,
841 4600 916 4644 cum
945 4576 1075 4642 nullum
1098 4575 1224 4642 lucrum
1248 4577 1345 4645 nobis
1379 4635 1381 4640 .

331 4846 338 4879 ¹
351 4846 473 4899 Marses
484 4865 546 4900 xxv.
558 4851 599 4898 20.
817 4844 825 4914 Ι
871 4841 963 4894 'arieli
973 4842 998 4893 in
1011 4841 1067 4896 MS.

1188 4939 1215 4987 H
