3668 5842
521 912 694 962 JOHANNIS
717 911 1001 962 wnmnansunon
1024 911 1200 960 SECUNDAE.
1318 897 1383 961 253

342 1107 359 1136 “
382 1122 439 1186 per
453 1122 522 1179 vos,
536 1099 591 1166 vel
613 1121 671 1187 per
686 1099 831 1185 aliquam
853 1098 949 1164 aliam
966 1119 1145 1184 pomonam,
1161 1097 1245 1162 citra
1259 1097 1385 1162 dictum
1397 1100 1555 1154 LD·1⁴⁵6·

341 1211 359 1237 “
381 1203 523 1290 primum
540 1202 627 1268 diem
642 1202 748 1280 factae,
764 1201 805 1266 de
820 1205 912 1266 statu
934 1199 1152 1280 haereditario,
1168 1203 1229 1265 aula
1244 1199 1385 1264 termino

341 1312 358 1340 ‘⁴
380 1305 469 1385 vitm,
486 1309 546 1369 aul
561 1304 703 1370 termino
726 1325 896 1380 annorum,
912 1302 1011 1368 alicui
1034 1324 1187 1388 personas,
1203 1305 1256 1368 vel
1279 1303 1385 1382 aliter,

340 1412 360 1442 “
382 1405 663 1495 percipiendorum
679 1427 736 1471 seu
751 1404 987 1482 habendorum,
996 1404 1041 1482 in,
1057 1426 1113 1470 seu
1129 1404 1178 1481 de,
1195 1405 1306 1491 aliquo
1320 1405 1386 1471 alio

342 1512 359 1543 “
381 1507 450 1573 loco
471 1507 558 1572 infra
580 1507 703 1573 dictum
728 1528 865 1594 regnum
883 1511 1040 1584 vestrum,
1056 1507 1177 1571 sivein
1193 1507 1281 1572 dicia
1295 1512 1386 1573 lema

342 1617 358 1644 “
381 1614 492 1676 vestra
513 1609 695 1689 Hibernia,
719 1614 777 1675 aul
799 1609 887 1674 infra
908 1608 1072 1690 Walliam,
1095 1603 1277 1695 Guysneys‚
1293 1609 1386 1675 (lalc-

342 1720 359 1748 “
380 1713 456 1792 sius,
472 1733 528 1778 seu
552 1711 714 1777 Marchias
736 1710 923 1789 eorundem,
938 1733 959 1776 a
973 1711 1132 1798 predicto
1155 1710 1255 1777 Feslo
1269 1733 1384 1777 vacuae

342 1821 358 1850 “
380 1820 416 1880 et
437 1809 560 1879 nullius
580 1814 703 1902 vigoris
725 1813 879 1891 existant,
903 1813 946 1878 ad
976 1813 1174 1894 habendum,
1195 1813 1386 1892 tenendum,

342 1923 360 1952 ‘⁸
383 1938 440 1982 seu
478 1918 710 2004 occupandum,
748 1915 870 1981 abinde
902 1915 1012 2003 aliqua
1046 1917 1296 2004 praemissorum.
1341 1917 1387 1982 Eu

341 2026 358 2053 “
381 2019 469 2104 quod
498 2018 695 2084 omnimodae
724 2019 953 2096 concessiones,
976 2019 1045 2084 sivo
1067 2019 1297 2097 relaxaliones,
1329 2040 1387 2106 per

342 2128 360 2155 “
381 2143 440 2186 vos
474 2121 557 2186 citra
587 2121 731 2207 primum
761 2120 849 2184 diem
883 2120 978 2186 factae
1010 2121 1107 2187 alicui
1142 2143 1297 2208 personae,
1328 2143 1387 2186 seu

341 2231 360 2257 “
381 2225 536 2310 pexsonis,
561 2223 601 2289 de
631 2223 742 2310 aliquo
768 2229 861 2288 statu
889 2223 1109 2304 haereditario,
1132 2226 1274 2290 termino
1297 2225 1386 2306 vitae,

342 2333 359 2360 “
380 2330 442 2391 aul
463 2325 604 2391 termino
625 2346 798 2405 annorum,
814 2327 868 2391 vel
890 2325 997 2404 aliter,
1014 2326 1054 2391 de
1076 2326 1188 2414 aliquo
1203 2327 1386 2415 praemisso

343 2433 362 2463 “
383 2449 465 2506 rum,
495 2426 536 2494 ds
568 2427 718 2493 cuslodia
750 2426 889 2513 alicujus
920 2449 1041 2508 eorum,
1064 2450 1122 2494 seu
1151 2429 1193 2494 do
1223 2429 1388 2516 aliquibus

343 2535 361 2565 “
381 2530 484 2616 gaolis
505 2530 634 2608 vestris,
656 2530 726 2596 sive
748 2530 790 2596 dc
811 2529 922 2616 aliquo
944 2529 1108 2618 herbagio,
1131 2552 1189 2596 seu
1211 2532 1385 2619 pannagio,

341 2639 359 2668 ‘⁸
380 2631 527 2719 piscaris,
548 2637 692 2719 pastura,
725 2636 785 2697 aul
819 2632 1006 2698 communie
1036 2637 1190 2720 paslmus,
1222 2655 1387 2712 warenna,

341 2741 359 2772 ‘⁸
380 2735 483 2821 sylva,
507 2755 588 2817 cera,
610 2735 702 2814 vino,
724 2739 867 2814 vestuta,
891 2734 1039 2813 lunaris,
1062 2734 1301 2817 annuitatibua
1322 2737 1387 2802 feo

343 2845 361 2872 “
382 2837 442 2918 dis,
464 2836 520 2903 vol
540 2837 706 2924 aliquibus
728 2837 845 2915 vadiis,
867 2858 927 2923 per
954 2838 1189 2916 executionem,
1212 2859 1269 2904 seu
1295 2860 1387 2905 occu·

343 2943 361 2976 “
382 2939 559 3026 petionem,
573 2939 711 3024 alicujus
725 2937 832 3020 officii,
847 2960 905 3005 seu
921 2939 1035 3016 oneris,
1051 2945 1086 3004 et
1099 2939 1184 3005 nulli
1198 2939 1387 3026 hujusmodi

343 3047 362 3076 “
385 3040 498 3119 officio,
522 3043 592 3108 sive
625 3041 726 3119 oneri,
749 3041 837 3107 dicio
866 3041 974 3128 primo
1006 3041 1060 3106 dic
1083 3041 1192 3107 debile
1214 3048 1387 3120 consuetae,

342 3149 360 3178 “
383 3149 577 3230 spectantes,
600 3143 670 3210 sive
692 3143 905 3230 pertinentes,
927 3165 1040 3209 vacuae
1062 3149 1096 3209 elz
1118 3143 1242 3208 nullius
1256 3143 1390 3209 effectus

343 3253 361 3280 “
382 3246 535 3312 existant.
582 3247 629 3312 El
650 3245 798 3324 ulterius,
818 3244 859 3311 de
881 3245 1094 3322 avisamenlo,
1109 3267 1250 3324 assensu,
1266 3251 1301 3312 sl
1316 3268 1389 3312 auc-

343 3353 360 3384 “
382 3348 528 3428 tontole,
550 3348 755 3436 supradictis,
779 3347 969 3413 ordinatum
1000 3347 1133 3426 cxisma
1156 3348 1245 3434 quod
1277 3370 1390 3415 omnes

342 3458 360 3487 “
382 3451 601 3517 concessiones
616 3473 748 3539 parvos
764 3451 861 3517 alicui
873 3471 1028 3539 personae,
1044 3473 1101 3516 sou
1118 3453 1273 3538 personis,
1284 3453 1388 3533 factae,

343 3557 360 3588 “
382 3553 423 3618 de
455 3553 565 3640 aliquo
598 3551 711 3631 officio,
734 3574 791 3618 ssu
824 3552 946 3632 officiis,
969 3575 1043 3640 quae
1077 3553 1166 3619 dicto
1196 3555 1304 3642 primo
1336 3555 1390 3622 die

344 3662 362 3690 “
382 3656 476 3744 regni
499 3656 610 3734 vestri,
630 3677 689 3722 nec
712 3661 818 3734 antea,
832 3676 900 3721 non
923 3654 1058 3722 fuerunt
1073 3654 1224 3740 officium,
1239 3678 1300 3724 noc
1321 3658 1390 3723 offi-

343 3763 361 3794 “
383 3759 442 3836 cia,
464 3779 577 3824 vacua
599 3757 677 3836 sinc,
692 3762 727 3824 et
747 3757 869 3823 nullius
884 3757 1029 3844 vigoris3
1052 3764 1086 3823 el
1101 3759 1298 3826 omnimodae
1314 3780 1389 3827 con-

343 3866 361 3897 “
384 3861 543 3927 cessiones
566 3872 715 3949 parvos,
738 3881 796 3926 seu
827 3880 886 3946 per
908 3859 1052 3945 aliquam
1074 3860 1173 3926 aliam
1208 3883 1388 3948 personam,

343 3969 362 3999 “
383 3962 438 4028 vel
460 3983 624 4049 personas,
648 3963 733 4027 citra
755 3961 879 4026 dictum
902 3962 1044 4050 primum
1072 3962 1169 4044 diem,
1193 3964 1290 4029 alicui
1320 3985 1391 4050 per·

343 4071 361 4101 ‘¹
385 4086 483 4144 sonae,
497 4063 551 4130 vol
569 4063 724 4152 personis,
740 4062 846 4145 factae,
870 4085 928 4151 per
951 4085 1030 4150 quoa
1053 4065 1167 4131 eadem
1182 4087 1319 4152 persona
1333 4087 1390 4132 seu

343 4173 361 4202 “
383 4188 539 4255 personae,
571 4165 623 4232 cui
645 4165 700 4231 vel
730 4165 850 4251 quibus
881 4165 992 4251 aliqua
1022 4166 1210 4252 hujusmodi
1231 4168 1391 4233 concessio

342 4276 361 4303 ‘¹
382 4269 452 4334 sive
475 4268 695 4335 concessiones
717 4267 811 4345 flans,
825 4268 1039 4334 concederent
1061 4268 1115 4334 vel
1132 4269 1301 4348 haberent,
1318 4291 1392 4337 con-

342 4376 360 4406 “
382 4371 513 4437 cederet
534 4371 589 4437 vel
618 4370 764 4449 haberet,
786 4373 986 4457 potestatem
1016 4371 1214 4438 concedendi
1244 4371 1391 4460 aliquam

343 4473 594 4561 “praebendam
628 4495 685 4539 seu
718 4471 922 4558 praebendas,
948 4473 1116 4540 eeclesiam
1146 4495 1204 4539 ssu
1234 4473 1390 4556 ecclesias,

342 4581 360 4611 “
381 4574 543 4662 hospitale
565 4596 622 4641 seu
644 4573 829 4662 hospitalia,
850 4573 985 4640 liberam
1008 4574 1167 4662 capellam
1188 4575 1258 4643 sive
1273 4577 1393 4646 liberas

340 4686 360 4714 “
381 4679 530 4766 capellas,
552 4677 605 4744 vel
627 4677 772 4763 aliquam
794 4675 1012 4757 collationem,
1036 4674 1178 4744 officium
1204 4679 1257 4745 vel
1280 4680 1393 4761 officia,

344 4787 362 4815 “
384 4781 439 4848 vel
454 4781 597 4868 aliquem
613 4779 791 4848 officialum
807 4778 957 4860 faciendi,
975 4779 1109 4859 donum,
1123 4780 1193 4848 sive
1215 4790 1391 4870 praesenta
