3588 5838
437 899 499 962 116
775 909 971 959 nnusruuu
994 871 1152 958 neurim

268 1087 337 1152 Al).
352 1107 422 1154 1⁴5³.

267 1184 323 1236 The
335 1185 409 1234 Prior
437 1209 454 1234 ιι

268 1251 398 1302 andrenes

267 1318 330 1380 him,
341 1333 409 1382 npon
436 1310 454 1337 “

267 1384 307 1434 his
317 1393 372 1436 ten-
436 1412 454 1439 u

267 1453 349 1516 deney
358 1457 386 1500 to

268 1516 424 1568 eeeumnlute
438 1515 455 1542 ‘¹

269 1583 368 1638 werith.

481 1104 498 1134 “
512 1097 616 1174 Pater,
638 1097 716 1183 quin
738 1119 796 1183 per
826 1102 933 1162 totum
956 1101 1086 1183 tempus
1109 1096 1212 1162 vestri
1242 1095 1412 1183 regiminis
1435 1096 1486 1160 vir

476 1199 585 1265 fuistis
607 1201 643 1264 in
666 1199 856 1264 conditione
878 1199 960 1285 Regi
989 1197 1091 1264 Midae
1123 1199 1267 1264 multum
1290 1197 1415 1274 similis,
1438 1197 1488 1260 ita

476 1309 515 1368 ut
537 1301 696 1390 optaretis
710 1323 827 1366 aurum
843 1301 924 1378 fieri,
939 1300 994 1365 vel
1008 1307 1193 1387 argentum,
1209 1300 1367 1386 quiequid
1381 1299 1487 1364 mani-

475 1404 539 1470 bus
560 1403 751 1490 tangeretis,
773 1401 978 1488 statutisque
1009 1402 1148 1469 ulterius
1177 1423 1245 1467 non
1279 1402 1378 1468 aliter
1399 1401 1489 1466 inter

478 1527 594 1572 eurum
616 1521 765 1572 vestrum
789 1511 825 1571 et
855 1508 1038 1591 argentum,
1061 1525 1161 1590 quum
1184 1505 1273 1570 inter
1293 1505 1438 1569 fructum
1453 1510 1488 1569 et

439 1617 456 1643 “
477 1609 615 1674 fluvium
652 1613 739 1674 stare
777 1606 917 1693 lingitur
950 1605 1111 1691 Tantalus
1147 1607 1183 1671 in
1222 1605 1399 1693 paludibus
1436 1606 1488 1670 in·

439 1719 456 1746 “
478 1711 629 1788 ferorum,
661 1733 721 1777 nec
753 1710 793 1775 de
824 1730 891 1775 uno
924 1712 1056 1796 gustare
1087 1708 1245 1786 veientes,
1267 1709 1336 1774 sive
1367 1708 1487 1784 verius,

438 1823 456 1848 “
478 1798 634 1890 volentes,
657 1835 717 1878 neu
739 1811 780 1878 de
813 1811 941 1890 altero3
972 1831 1046 1876 cum
1077 1809 1185 1876 ¹nihil
1207 1811 1301 1896 quasi
1332 1809 1487 1886 nutabile,

437 1924 455 1950 “
477 1916 520 1980 ad
554 1916 652 1982 decus
686 1913 849 1994 Ecclesiae,
872 1913 995 1979 fecistis
1017 1919 1137 1979 vestrae
1170 1913 1313 1979 euclesiae
1346 1913 1382 1983 in
1414 1919 1489 1978 toto

438 2027 456 2054 “
479 2022 634 2104 tempore
658 2023 778 2095 vestro,
817 2021 956 2102 putetur
991 2036 1013 2080 s
1047 2015 1159 2093 variis,
1198 2021 1232 2080 et
1268 2017 1431 2102 precipue
1467 2037 1488 2080 a

437 2129 455 2156 “
477 2120 581 2198 nobis,
618 2119 738 2184 vestris
782 2117 925 2184 subditis
973 2116 1028 2182 hio
1064 2117 1289 2204 praesentibus,
1326 2116 1414 2204 quod
1452 2117 1487 2182 in

437 2231 455 2258 “
477 2221 623 2310 pecuniis
645 2221 844 2289 'abundatis
859 2222 897 2286 in
919 2220 1025 2287 multo
1041 2221 1191 2308 amplius,
1208 2242 1308 2307 quum
1321 2222 1489 2307 hueusque

437 2334 455 2362 “
477 2325 577 2391 alicui
600 2325 642 2391 de
672 2325 793 2390 vestris
815 2323 1058 2390 collateralibus
1091 2324 1269 2390 revelastis.
1316 2323 1370 2388 Ex
1394 2329 1491 2411 purte

437 2429 582 2514 “igitur
615 2427 678 2494 Dei
712 2451 772 2495 vos
801 2428 1006 2515 requirimus,
1037 2434 1079 2506 et,
1110 2427 1153 2493 ob
1190 2429 1331 2494 sulutem
1368 2427 1488 2494 unimae

437 2539 455 2566 “
476 2535 606 2609 vestrae,
632 2531 836 2618 suggerimus
866 2529 1015 2607 ulterius,
1047 2551 1085 2595 ne
1122 2529 1377 2617 interpellamus,
1411 2550 1489 2615 qua-

370 2707 372 2714 ,
438 2641 455 2668 “
478 2634 577 2710 tinus,
605 2631 685 2698 dum
719 2631 826 2698 disere
848 2633 1008 2719 poteritis,
1032 2631 1128 2698 nobis
1161 2633 1340 2698 veritatem
1369 2632 1406 2696 in
1428 2631 1489 2697 hae

437 2741 455 2770 “
478 2733 618 2800 materia
640 2733 803 2821 aperiatis.
849 2733 961 2799 Intrat
983 2733 1081 2799 modo
1110 2755 1198 2800 mors
1220 2733 1263 2800 ad
1287 2734 1417 2812 ostium,
1445 2733 1487 2799 ud

437 2835 750 2922 “sequestrandum
778 2835 900 2902 nedum
935 2835 1030 2902 vobis
1053 2842 1180 2902 vestros
1211 2857 1333 2914 sensus,
1367 2833 1488 2922 8quin-

438 2947 455 2975 “
477 2939 579 3004 immo
601 2938 703 3004 etium
725 2938 769 3003 ud
802 2937 995 3025 rapiendum
1018 2937 1053 3001 id
1086 2939 1173 3023 quod
1195 2938 1230 3002 in
1262 2937 1324 3004 hoe
1355 2939 1489 3025 negotio

437 3050 455 3076 “
478 3042 622 3107 maxime
651 3040 817 3128 indigetis,
839 3040 997 3128 linguam,
1019 3039 1182 3116 videlieet,
1205 3039 1249 3106 ud
1280 3038 1488 3126 loquendum.

438 3151 456 3178 “
479 3142 598 3229 Igitur,
621 3142 699 3208 dum
723 3164 817 3208 usum
834 3141 923 3208 illius
938 3141 1076 3218 habetis,
1092 3142 1181 3227 quod
1202 3141 1368 3230 hueusque
1390 3163 1488 3230 penes

438 3255 455 3281 “
480 3267 539 3311 vos
570 3247 663 3322 latet,
697 3245 793 3310 nobis
830 3244 991 3310 veraciter
1028 3245 1192 3332 aperietis.
1239 3243 1388 3312 Stabatis
1416 3245 1487 3332 juni

438 3356 456 3381 “
479 3368 538 3434 per
559 3367 664 3410 annos
686 3345 803 3422 varios,
827 3367 884 3432 per
905 3367 1018 3424 annos,
1039 3345 1204 3424 videlieet,
1218 3347 1313 3434 plene
1329 3347 1488 3424 undecim,

438 3457 457 3483 “
477 3454 597 3535 praeter
630 3454 699 3513 tres
733 3447 811 3525 dies,
841 3446 939 3512 infixi
973 3448 1116 3513 multum
1145 3449 1304 3516 tenaciter
1337 3449 1374 3515 in
1410 3449 1489 3514 limo

438 3558 455 3585 “
477 3549 642 3638 profundi,
673 3549 710 3613 in
744 3548 832 3626 limo,
858 3549 1022 3628 videlieet,
1051 3551 1143 3616 illius
1175 3551 1276 3616 moris
1307 3550 1407 3628 uvidi,
1430 3552 1489 3638 qui

438 3661 456 3688 ‘¹
477 3659 601 3738 terrum
633 3651 729 3729 rodit,
763 3657 885 3718 terrum
917 3652 1040 3730 effodit,
1064 3652 1298 3741 terrestrisque
1332 3654 1490 3721 continue

438 3763 456 3790 ⁴⁸
477 3753 615 3842 appetit,
645 3775 822 3841 quousque,
847 3754 986 3820 terrenis
1010 3756 1129 3834 exutis,
1160 3755 1196 3821 in
1224 3756 1343 3822 limum
1366 3756 1489 3822 iterum

438 3865 456 3892 “
477 3856 599 3922 hubent
626 3856 760 3922 reverti.
805 3855 1000 3922 Extruhutis
1032 3856 1135 3943 igitur
1171 3857 1289 3922 saltem
1312 3879 1371 3944 pro
1401 3879 1489 3923 nune

437 3965 455 3997 “
477 3966 605 4026 vestros
627 3958 734 4046 pedes,
756 3959 836 4046 quin
856 3958 944 4024 inim.
966 3981 1085 4047 pauens
1108 3959 1204 4025 horas
1226 3959 1307 4046 quin
1321 3959 1358 4026 in
1372 3959 1488 4024 limum

438 4068 456 4098 “
480 4061 520 4128 de
559 4083 624 4149 quo
661 4061 795 4128 formati
832 4061 911 4127 estis
947 4061 1109 4127 reversuri
1153 4061 1255 4139 eritis,
1298 4060 1489 4128 nullatenus

437 4169 455 4201 ‘¹
478 4161 633 4230 evadetis.
681 4161 801 4250 Igitur,
817 4163 939 4250 ubsque
960 4163 1108 4229 ulteriori
1124 4185 1224 4244 more,
1248 4163 1344 4230 nobis
1369 4165 1405 4230 in
1428 4163 1490 4230 hue

438 4273 456 4302 ‘¹
479 4266 619 4332 materia
639 4265 817 4331 veritatem
840 4264 1022 4351 aperiatis’'

271 4377 426 4431 utentior

268 4437 427 4498 nmmum
440 4471 447 4486 ·

482 4367 605 4446 Abbas,
636 4389 694 4454 per
727 4365 799 4432 haee
829 4367 931 4433 verbs
964 4366 1087 4433 Prioris
1119 4371 1259 4434 mortem
1291 4367 1355 4434 sibi
1377 4369 1490 4436 edesse

269 4469 633 4564 ,mhfflmtelligens
664 4469 794 4556 upemit
825 4489 862 4534 os
892 4489 998 4550 suum,
1021 4473 1056 4535 et
1085 4469 1291 4556 loquebatur,
1313 4470 1424 4537 diesne
1434 4497 1489 4538 :-

473 4743 601 4796 ¹nz'ct2'1in
611 4742 668 4794 MS.
1022 4740 1190 4808 ³quinymeln
1201 4742 1258 4795 MS.

470 4821 640 4875 ²latndaus
651 4822 677 4872 in
688 4821 745 4873 MS.
