3582 5838
485 873 658 946 uouemere
680 893 967 946 wumnusrunu
988 893 1163 946 sumnum.
1285 878 1350 950 137

303 1081 403 1170 petiit
440 1081 661 1149 ¹euctoritete
699 1081 914 1149 Perliementi
950 1082 1036 1148 illud
1073 1081 1256 1148 moncrium
1285 1077 1429 1147 gihielt.
1444 1083 1516 1130 1⁴⁵⁴·

302 1203 416 1249 rumne
438 1183 578 1262 rmtitui,
601 1184 690 1270 quod
719 1191 813 1272 peter
843 1205 921 1250 suun
947 1183 1098 1271 proprius
1122 1182 1284 1262 vendidit,
1308 1178 1518 1296 deaAinglffbe

304 1307 433 1372 quoquo
463 1287 596 1374 proprie
625 1291 732 1352 meter
761 1308 821 1353 ene
845 1287 972 1353 levavit
994 1287 1091 1352 finem
1121 1286 1159 1350 in
1187 1286 1286 1364 curie,
1312 1263 1510 1363 comicum

304 1387 350 1454 sic
370 1389 414 1455 ab
442 1388 515 1476 ipso
552 1411 612 1476 pro
643 1393 809 1477 perpetuo,
843 1388 1022 1456 secundm
1050 1389 1128 1473 jure
1157 1377 1489 1508 communiegggwi

304 1490 494 1556 ’alienavit
528 1490 579 1557 De
594 1491 687 1576 cujus
701 1490 792 1559 bille
807 1491 1018 1578 conceptione
1034 1513 1109 1556 oum
1124 1495 1228 1556 steret
1237 1487 1351 1554 Abben
1363 1512 1437 1562 when
1449 1512 1493 1562 ne

304 1614 363 1679 per
383 1592 563 1658 Dominum
587 1595 629 1659 do
651 1593 869 1660 Oroumwelle
884 1593 1082 1660 litteratorie
1097 1593 1299 1669 certioratus,
1314 1615 1352 1658 eo
1363 1579 1487 1696 fflffl

304 1693 404 1760 etium
427 1694 468 1759 de
490 1695 602 1761 labore
624 1695 741 1760 militis
763 1696 844 1761 dicti
867 1696 952 1761 circe
975 1695 1218 1782 expeditionem
1241 1693 1351 1780 ipsius,
1364 1710 1467 1763 unet.

227 1809 234 1830 ⁸
304 1818 391 1875 mox,
414 1802 454 1863 ut
474 1796 594 1863 fortius
617 1803 726 1885 posset
742 1799 771 1864 ei
793 1798 953 1876 resistere,
969 1797 1170 1864 induebatur
1184 1801 1352 1862 armatura

304 1899 377 1976 Dei,
403 1897 549 1988 ³elypeo,
580 1900 744 1981 videlicet,
775 1899 861 1979 fidei,
891 1901 1055 1986 loricaque
1081 1899 1248 1986 justitiae3
1277 1919 1351 1964 oum

304 2000 448 2089 ipsisque
474 2024 517 2068 ex
548 2003 686 2069 edvereo
709 2002 772 2068 sibi
803 2002 949 2084 obvians,
976 2007 1048 2067 tem
1077 2002 1195 2069 fortem
1226 2000 1352 2066 obicem

304 2103 431 2182 feceret,
453 2110 523 2170 tem
545 2105 748 2191 fortiterque,
772 2105 950 2170 amicorum
967 2103 1149 2190 juvamine,
1172 2102 1236 2169 sibi
1258 2103 1351 2168 recie-
1363 2121 1487 2186 neruo}

304 2205 407 2284 tebet,
424 2206 512 2293 quod
527 2207 671 2272 finaliter
684 2229 706 2271 e
725 2229 784 2272 ouo
799 2204 967 2294 proposito
982 2206 1142 2286 deficeret,
1157 2211 1353 2272 remuneret—
1364 2190 1519 2309 ffifflihe

305 2330 367 2395 que
382 2309 565 2375 manerium
580 2309 786 2388 Monaeterio,
802 2331 840 2376 ac
862 2309 931 2396 ipse
953 2308 1108 2396 probrum
1131 2309 1240 2396 potius
1252 2329 1351 2394 quem
1364 2324 1460 2390 euim.

305 2412 485 2497 profectum
508 2412 548 2478 de
570 2418 643 2478 toto
665 2433 725 2478 suo
746 2410 856 2478 lebore
878 2415 1069 2500 reportaret.

350 2513 436 2578 Lens
470 2513 573 2601 igitur
603 2514 648 2581 sit
678 2514 750 2580 Deo
781 2513 932 2601 propitio,
963 2513 1022 2602 qui
1058 2515 1108 2580 ite
1133 2513 1187 2602 pie
1222 2521 1257 2580 et
1288 2512 1351 2578 cle·
1365 2529 1405 2579 Ex
1423 2527 1519 2580 moion

306 2621 432 2682 menter
452 2637 549 2704 super
571 2637 682 2682 servos
704 2637 780 2682 euos
802 2616 945 2704 respicit,
967 2621 1007 2683 ut
1028 2614 1210 2702 *quioquid
1232 2619 1349 2681 contre
1363 2595 1510 2714 {baffi

305 2719 391 2804 ipsos
421 2719 491 2784 eive
514 2717 692 2796 diebolicae,
718 2718 789 2784 eive
819 2718 981 2799 humnnae,
1004 2719 1185 2784 moliuntur
1207 2717 1351 2783 adversi·
1364 2727 1392 2780 ic

306 2827 400 2900 tetes,
416 2819 539 2908 redigit
553 2820 589 2886 in
604 2820 777 2902 ⁶nihilum,
798 2819 1025 2907 ⁰consilioque
1040 2819 1271 2886 misericordiae
1286 2841 1353 2886 eune

306 3220 482 3287 Proocecew
519 3217 718 3306 receptionis
758 3217 942 3305 ccjctedom
982 3215 1112 3304 scotris
1144 3215 1273 3283 iterum
1306 3215 1353 3282 od

393 3343 464 3388 cuce
477 3321 602 3388 ceolric
614 3321 807 3407 premium
830 3319 901 3407 qui,
915 3318 1047 3406 sptem
1062 3317 1210 3386 levitatis
1224 3317 1352 3396 ductore,

387 3422 568 3512 foetidieit
604 3423 710 3490 obora
746 3421 845 3490 dcto
881 3421 1013 3500 motois,
1045 3421 1272 3508 miprocitque
1307 3420 1354 3488 od

395 3525 506 3592 mcum
527 3525 683 3604 altem,
701 3524 916 3612 placentioro
936 3523 1042 3590 ubero
1063 3524 1110 3592 od
1131 3523 1329 3612 torpendum

350 3691 496 3758 ⁷Eodem
518 3691 619 3758 etiem
651 3712 746 3769 enno,
770 3695 925 3777 tempore,
950 3690 1082 3770 scilicet,
1105 3689 1171 3768 illo,
1193 3712 1259 3777 quo
1281 3689 1521 3758 exisAmmurual

305 3817 417 3861 corrue
440 3793 554 3860 soloris
576 3794 749 3859 levabatur
770 3793 879 3871 altius,
894 3793 1132 3879 rotabaturque
1154 3793 1215 3857 sub
1238 3789 1516 3891 arden-ffifflssffi

306 3897 383 3963 tiori
405 3896 478 3962 coeli
501 3897 604 3983 signo,
626 3896 739 3961 evenit
769 3895 854 3960 infra
878 3893 1116 3960 Moneeterium
1140 3915 1243 3958 unum
1273 3893 1354 3979 quid
1365 3905 1520 3972 Mannum.

305 3998 483 4076 insolitum,
507 3998 593 4083 quod
624 3996 735 4062 forsan
757 3994 817 4061 ⁸in
849 4002 1016 4084 posterum
1049 4017 1117 4060 non
1140 3993 1270 4061 eveniet
1295 4015 1354 4080 per

305 4100 411 4166 multa
433 4099 552 4166 saeoule
573 4099 774 4166 saeculorum.

350 4203 473 4268 Evenit
495 4203 611 4290 utique
633 4201 691 4268 illo
706 4201 742 4266 in
767 4205 978 4289 temperent
1000 4201 1040 4266 de
1062 4200 1201 4265 fratrum
1217 4219 1353 4264 numero
1365 4212 1462 4264 Rerum
1475 4214 1505 4265 of

215 4355 223 4374 ,
304 4306 406 4392 gravi,
437 4305 565 4392 grandi,
588 4309 622 4370 et
652 4304 854 4382 dedecoroso,
877 4301 935 4390 qui
967 4302 1008 4367 de
1039 4300 1180 4379 ecclesia,
1206 4305 1353 4388 tempore
1364 4281 1521 4399 ffiffi

308 4475 316 4482 .
335 4475 411 4481 ...-..-
594 4471 751 4480 --.-.-—-

341 4547 349 4580 ¹
360 4550 491 4599 autoritate
501 4548 529 4598 in
540 4548 596 4600 MS.
883 4543 1050 4610 ‘concilioque
1062 4544 1088 4593 in
1100 4542 1157 4594 MS.

338 4626 487 4678 ’animavit
498 4627 525 4678 in
536 4626 594 4680 MS.
883 4623 894 4662 ⁷
905 4625 960 4675 The
967 4623 1021 4674 first
1029 4625 1102 4674 letter
1111 4621 1132 4672 is
1140 4623 1244 4672 omitted
1257 4644 1263 4684 ς
1283 4629 1309 4672 to
1321 4623 1352 4674 be

338 4705 503 4774 ³Eptecione
514 4706 546 4756 vi
561 4711 600 4768 1⁴,
615 4712 652 4758 16.
851 4705 964 4769 supplied
975 4703 1000 4752 in
1011 4701 1185 4752 illumination.

339 4786 350 4818 ⁴
361 4787 471 4850 quicquit
482 4787 508 4836 in
520 4785 577 4836 MS.
884 4783 895 4815 ⁸
906 4784 1054 4848 importemus
1066 4781 1090 4829 in
1102 4780 1157 4830 MS.

339 4863 349 4896 ⁶
360 4864 480 4915 nichilium
491 4865 517 4915 in
529 4867 585 4916 MS.
