<?xml version="1.0" encoding="UTF-8"?>
<!DOCTYPE html PUBLIC "-//W3C//DTD XHTML 1.0 Transitional//EN"
    "http://www.w3.org/TR/xhtml1/DTD/xhtml1-transitional.dtd">
<html xmlns="http://www.w3.org/1999/xhtml" xml:lang="en" lang="en">
 <head>
  <title>
</title>
<meta http-equiv="Content-Type" content="text/html;charset=utf-8" />
  <meta name='ocr-system' content='tesseract 3.04.00' />
  <meta name='ocr-capabilities' content='ocr_page ocr_carea ocr_par ocr_line ocrx_word'/>
</head>
<body>
  <div class='ocr_page' id='page_1' title='image "./registraquorund00wallgoog_0185.png"; bbox 0 0 3588 5838; ppageno 0'>
   <div class='ocr_carea' id='block_1_1' title="bbox 457 877 1328 952">
    <p class='ocr_par' dir='ltr' id='par_1_1' title="bbox 457 877 1328 952">
     <span class='ocr_line' id='line_1_1' title="bbox 457 877 1328 952; baseline -0.002 0"><span class='ocrx_word' id='word_1_1' title='bbox 457 900 632 952; x_wconf 70' lang='lat' dir='ltr'>nomme</span> <span class='ocrx_word' id='word_1_2' title='bbox 654 899 940 951; x_wconf 73' lang='lat' dir='ltr'>wumusuerrnu</span> <span class='ocrx_word' id='word_1_3' title='bbox 962 897 1141 950; x_wconf 72' lang='lat' dir='ltr'>secunus.</span> <span class='ocrx_word' id='word_1_4' title='bbox 1264 877 1328 950; x_wconf 81' lang='lat'>127</span> 
     </span>
    </p>
   </div>
   <div class='ocr_carea' id='block_1_2' title="bbox 281 1074 1498 1164">
    <p class='ocr_par' dir='ltr' id='par_1_2' title="bbox 281 1074 1498 1164">
     <span class='ocr_line' id='line_1_2' title="bbox 281 1074 1498 1164; baseline -0.01 -9"><span class='ocrx_word' id='word_1_5' title='bbox 281 1099 299 1123; x_wconf 92' lang='lat'><em>“</em></span> <span class='ocrx_word' id='word_1_6' title='bbox 320 1089 410 1154; x_wconf 82' lang='lat' dir='ltr'>ciens</span> <span class='ocrx_word' id='word_1_7' title='bbox 423 1092 538 1154; x_wconf 87' lang='lat' dir='ltr'>eontra</span> <span class='ocrx_word' id='word_1_8' title='bbox 551 1087 680 1153; x_wconf 84' lang='lat' dir='ltr'>dictum</span> <span class='ocrx_word' id='word_1_9' title='bbox 694 1091 800 1155; x_wconf 90' lang='lat' dir='ltr'>tuum.</span> <span class='ocrx_word' id='word_1_10' title='bbox 838 1083 940 1152; x_wconf 82' lang='lat' dir='ltr'>Emel</span> <span class='ocrx_word' id='word_1_11' title='bbox 965 1083 1076 1164; x_wconf 74' lang='lat' dir='ltr'>buter,</span> <span class='ocrx_word' id='word_1_12' title='bbox 1092 1104 1163 1150; x_wconf 89' lang='lat' dir='ltr'>eooe</span> <span class='ocrx_word' id='word_1_13' title='bbox 1178 1086 1185 1146; x_wconf 81' lang='lat'>1</span> <span class='ocrx_word' id='word_1_14' title='bbox 1209 1082 1327 1148; x_wconf 86' lang='lat' dir='ltr'>horum</span> <span class='ocrx_word' id='word_1_15' title='bbox 1342 1074 1411 1126; x_wconf 56' lang='lat' dir='ltr'>AD·</span> <span class='ocrx_word' id='word_1_16' title='bbox 1425 1079 1498 1126; x_wconf 83' lang='lat'><strong>¹⁴⁵⁴·</strong></span> 
     </span>
    </p>
   </div>
   <div class='ocr_carea' id='block_1_3' title="bbox 282 1165 1499 1285">
    <p class='ocr_par' dir='ltr' id='par_1_3' title="bbox 282 1165 1499 1285">
     <span class='ocr_line' id='line_1_3' title="bbox 282 1165 1499 1285; baseline 0 -30"><span class='ocrx_word' id='word_1_17' title='bbox 282 1200 299 1226; x_wconf 89' lang='lat'>“</span> <span class='ocrx_word' id='word_1_18' title='bbox 321 1190 418 1256; x_wconf 82' lang='lat' dir='ltr'>dietis</span> <span class='ocrx_word' id='word_1_19' title='bbox 439 1191 486 1257; x_wconf 85' lang='lat' dir='ltr'>sio</span> <span class='ocrx_word' id='word_1_20' title='bbox 513 1212 603 1256; x_wconf 87' lang='lat' dir='ltr'>nuno</span> <span class='ocrx_word' id='word_1_21' title='bbox 617 1188 827 1268; x_wconf 83' lang='lat' dir='ltr'>oonvincerie,</span> <span class='ocrx_word' id='word_1_22' title='bbox 850 1189 949 1275; x_wconf 89' lang='lat' dir='ltr'>quod,</span> <span class='ocrx_word' id='word_1_23' title='bbox 971 1188 1000 1254; x_wconf 89' lang='lat' dir='ltr'>si</span> <span class='ocrx_word' id='word_1_24' title='bbox 1023 1192 1126 1254; x_wconf 81' lang='lat' dir='ltr'>stares</span> <span class='ocrx_word' id='word_1_25' title='bbox 1148 1187 1186 1252; x_wconf 89' lang='lat' dir='ltr'>in</span> <span class='ocrx_word' id='word_1_26' title='bbox 1203 1184 1331 1272; x_wconf 85' lang='lat' dir='ltr'>judicio</span> <span class='ocrx_word' id='word_1_27' title='bbox 1343 1165 1499 1285; x_wconf 45' lang='lat'>32250‘</span> 
     </span>
    </p>
   </div>
   <div class='ocr_carea' id='block_1_4' title="bbox 281 1291 1502 1484">
    <p class='ocr_par' dir='ltr' id='par_1_4' title="bbox 281 1291 1502 1484">
     <span class='ocr_line' id='line_1_4' title="bbox 282 1291 1502 1379; baseline -0.008 -19"><span class='ocrx_word' id='word_1_28' title='bbox 282 1303 299 1328; x_wconf 92' lang='lat'><strong>“</strong></span> <span class='ocrx_word' id='word_1_29' title='bbox 321 1315 429 1360; x_wconf 85' lang='lat' dir='ltr'>eoram</span> <span class='ocrx_word' id='word_1_30' title='bbox 439 1293 563 1379; x_wconf 87' lang='lat' dir='ltr'>judioe,</span> <span class='ocrx_word' id='word_1_31' title='bbox 580 1291 702 1360; x_wconf 74' lang='lat' dir='ltr'>frivola</span> <span class='ocrx_word' id='word_1_32' title='bbox 715 1292 909 1358; x_wconf 70' lang='lat' dir='ltr'>redderetur</span> <span class='ocrx_word' id='word_1_33' title='bbox 922 1311 1020 1358; x_wconf 84' lang='lat' dir='ltr'>eausa</span> <span class='ocrx_word' id='word_1_34' title='bbox 1037 1296 1105 1369; x_wconf 83' lang='lat' dir='ltr'>tua,</span> <span class='ocrx_word' id='word_1_35' title='bbox 1122 1295 1157 1358; x_wconf 88' lang='lat' dir='ltr'>et</span> <span class='ocrx_word' id='word_1_36' title='bbox 1171 1294 1331 1378; x_wconf 81' lang='lat' dir='ltr'>suspecte,</span> <span class='ocrx_word' id='word_1_37' title='bbox 1343 1301 1387 1352; x_wconf 79' lang='lat' dir='ltr'>the</span> <span class='ocrx_word' id='word_1_38' title='bbox 1403 1299 1502 1352; x_wconf 74' lang='lat' dir='ltr'>ouem</span> 
     </span>
     <span class='ocr_line' id='line_1_5' title="bbox 281 1368 1501 1484; baseline -0.004 -22"><span class='ocrx_word' id='word_1_39' title='bbox 281 1405 299 1430; x_wconf 91' lang='lat'><em>“</em></span> <span class='ocrx_word' id='word_1_40' title='bbox 321 1395 714 1483; x_wconf 84' lang='lat' dir='ltr'>1condemnationemque</span> <span class='ocrx_word' id='word_1_41' title='bbox 739 1395 906 1482; x_wconf 82' lang='lat' dir='ltr'>patereris</span> <span class='ocrx_word' id='word_1_42' title='bbox 957 1393 1119 1460; x_wconf 84' lang='lat' dir='ltr'>Miramur</span> <span class='ocrx_word' id='word_1_43' title='bbox 1140 1393 1244 1481; x_wconf 83' lang='lat' dir='ltr'>igitur</span> <span class='ocrx_word' id='word_1_44' title='bbox 1265 1414 1331 1479; x_wconf 93' lang='lat' dir='ltr'>quo</span> <span class='ocrx_word' id='word_1_45' title='bbox 1343 1368 1501 1484; x_wconf 52' lang='lat' dir='ltr'>flffleff‘t</span> 
     </span>
    </p>
   </div>
   <div class='ocr_carea' id='block_1_5' title="bbox 281 1496 1492 4562">
    <p class='ocr_par' dir='ltr' id='par_1_5' title="bbox 281 1496 1492 4562">
     <span class='ocr_line' id='line_1_6' title="bbox 282 1496 1477 1588; baseline -0.003 -25"><span class='ocrx_word' id='word_1_46' title='bbox 282 1509 299 1534; x_wconf 85' lang='lat'>‘¹</span> <span class='ocrx_word' id='word_1_47' title='bbox 321 1499 455 1588; x_wconf 88' lang='lat' dir='ltr'>planeta</span> <span class='ocrx_word' id='word_1_48' title='bbox 485 1499 616 1587; x_wconf 81' lang='lat' dir='ltr'>regeris,</span> <span class='ocrx_word' id='word_1_49' title='bbox 646 1519 713 1584; x_wconf 89' lang='lat' dir='ltr'>qua</span> <span class='ocrx_word' id='word_1_50' title='bbox 743 1497 921 1564; x_wconf 89' lang='lat' dir='ltr'>influentia</span> <span class='ocrx_word' id='word_1_51' title='bbox 951 1496 1089 1574; x_wconf 75' lang='lat' dir='ltr'>duceris,</span> <span class='ocrx_word' id='word_1_52' title='bbox 1116 1517 1224 1582; x_wconf 86' lang='lat' dir='ltr'>queve</span> <span class='ocrx_word' id='word_1_53' title='bbox 1254 1501 1477 1580; x_wconf 69' lang='lat' dir='ltr'>oon-eonviqted</span> 
     </span>
     <span class='ocr_line' id='line_1_7' title="bbox 281 1569 1492 1682; baseline -0.002 -16"><span class='ocrx_word' id='word_1_54' title='bbox 281 1611 300 1636; x_wconf 90' lang='lat'><strong>“</strong></span> <span class='ocrx_word' id='word_1_55' title='bbox 322 1601 519 1682; x_wconf 72' lang='lat' dir='ltr'>stellatione,</span> <span class='ocrx_word' id='word_1_56' title='bbox 535 1601 605 1668; x_wconf 89' lang='lat' dir='ltr'>sive</span> <span class='ocrx_word' id='word_1_57' title='bbox 627 1599 863 1680; x_wconf 87' lang='lat' dir='ltr'>ooneiliatione,</span> <span class='ocrx_word' id='word_1_58' title='bbox 879 1601 926 1666; x_wconf 86' lang='lat' dir='ltr'>sie</span> <span class='ocrx_word' id='word_1_59' title='bbox 947 1599 1134 1678; x_wconf 75' lang='lat' dir='ltr'>inflecteris,</span> <span class='ocrx_word' id='word_1_60' title='bbox 1148 1603 1187 1664; x_wconf 90' lang='lat' dir='ltr'>ut</span> <span class='ocrx_word' id='word_1_61' title='bbox 1209 1599 1333 1664; x_wconf 89' lang='lat' dir='ltr'>nedum</span> <span class='ocrx_word' id='word_1_62' title='bbox 1345 1569 1492 1634; x_wconf 64' lang='lat' dir='ltr'>orpenury.</span> 
     </span>
     <span class='ocr_line' id='line_1_8' title="bbox 283 1700 1333 1790; baseline -0.004 -20"><span class='ocrx_word' id='word_1_63' title='bbox 283 1713 302 1740; x_wconf 92' lang='lat'><strong>“</strong></span> <span class='ocrx_word' id='word_1_64' title='bbox 322 1705 427 1784; x_wconf 86' lang='lat' dir='ltr'>nobie,</span> <span class='ocrx_word' id='word_1_65' title='bbox 449 1704 666 1790; x_wconf 72' lang='lat' dir='ltr'>”quinimmq</span> <span class='ocrx_word' id='word_1_66' title='bbox 683 1703 836 1770; x_wconf 82' lang='lat' dir='ltr'>omnibus</span> <span class='ocrx_word' id='word_1_67' title='bbox 864 1703 1007 1770; x_wconf 85' lang='lat' dir='ltr'>testibus</span> <span class='ocrx_word' id='word_1_68' title='bbox 1027 1703 1081 1769; x_wconf 84' lang='lat' dir='ltr'>hie</span> <span class='ocrx_word' id='word_1_69' title='bbox 1105 1700 1333 1790; x_wconf 83' lang='lat' dir='ltr'>praesentibue‚</span> 
     </span>
     <span class='ocr_line' id='line_1_9' title="bbox 284 1803 1334 1891; baseline -0.005 -18"><span class='ocrx_word' id='word_1_70' title='bbox 284 1817 301 1842; x_wconf 90' lang='lat'><strong><em>“</em></strong></span> <span class='ocrx_word' id='word_1_71' title='bbox 323 1806 553 1874; x_wconf 70' lang='lat' dir='ltr'>contravenire</span> <span class='ocrx_word' id='word_1_72' title='bbox 574 1827 643 1872; x_wconf 92' lang='lat' dir='ltr'>non</span> <span class='ocrx_word' id='word_1_73' title='bbox 665 1805 837 1872; x_wconf 81' lang='lat' dir='ltr'>erubescis.</span> <span class='ocrx_word' id='word_1_74' title='bbox 874 1805 975 1872; x_wconf 82' lang='lat' dir='ltr'>Nosti</span> <span class='ocrx_word' id='word_1_75' title='bbox 990 1805 1107 1872; x_wconf 87' lang='lat' dir='ltr'>melius</span> <span class='ocrx_word' id='word_1_76' title='bbox 1128 1803 1291 1891; x_wconf 89' lang='lat' dir='ltr'>quomodo</span> <span class='ocrx_word' id='word_1_77' title='bbox 1313 1825 1334 1868; x_wconf 87' lang='lat' dir='ltr'>a</span> 
     </span>
     <span class='ocr_line' id='line_1_10' title="bbox 284 1906 1334 1997; baseline -0.006 -21"><span class='ocrx_word' id='word_1_78' title='bbox 284 1921 300 1943; x_wconf 76' lang='lat'>‘¹</span> <span class='ocrx_word' id='word_1_79' title='bbox 323 1910 378 1976; x_wconf 84' lang='lat' dir='ltr'>die</span> <span class='ocrx_word' id='word_1_80' title='bbox 400 1931 466 1997; x_wconf 92' lang='lat' dir='ltr'>quo</span> <span class='ocrx_word' id='word_1_81' title='bbox 488 1909 660 1976; x_wconf 82' lang='lat' dir='ltr'>nobiseum</span> <span class='ocrx_word' id='word_1_82' title='bbox 682 1910 718 1973; x_wconf 92' lang='lat' dir='ltr'>in</span> <span class='ocrx_word' id='word_1_83' title='bbox 741 1908 942 1976; x_wconf 80' lang='lat' dir='ltr'>eonlessione</span> <span class='ocrx_word' id='word_1_84' title='bbox 964 1908 1081 1986; x_wconf 79' lang='lat' dir='ltr'>fueras,</span> <span class='ocrx_word' id='word_1_85' title='bbox 1103 1908 1212 1974; x_wconf 82' lang='lat' dir='ltr'>nullas</span> <span class='ocrx_word' id='word_1_86' title='bbox 1237 1906 1334 1972; x_wconf 87' lang='lat' dir='ltr'>nobis</span> 
     </span>
     <span class='ocr_line' id='line_1_11' title="bbox 285 2010 1334 2099; baseline -0.005 -20"><span class='ocrx_word' id='word_1_87' title='bbox 285 2023 302 2048; x_wconf 91' lang='lat'><strong>“</strong></span> <span class='ocrx_word' id='word_1_88' title='bbox 324 2013 458 2079; x_wconf 88' lang='lat' dir='ltr'>omnino</span> <span class='ocrx_word' id='word_1_89' title='bbox 480 2011 634 2098; x_wconf 80' lang='lat' dir='ltr'>pecunius</span> <span class='ocrx_word' id='word_1_90' title='bbox 655 2010 822 2080; x_wconf 82' lang='lat' dir='ltr'>afferebue.</span> <span class='ocrx_word' id='word_1_91' title='bbox 871 2010 939 2080; x_wconf 83' lang='lat' dir='ltr'>Our</span> <span class='ocrx_word' id='word_1_92' title='bbox 967 2011 1075 2099; x_wconf 84' lang='lat' dir='ltr'>igitur</span> <span class='ocrx_word' id='word_1_93' title='bbox 1097 2011 1148 2076; x_wconf 84' lang='lat' dir='ltr'>ita</span> <span class='ocrx_word' id='word_1_94' title='bbox 1168 2011 1334 2098; x_wconf 89' lang='lat' dir='ltr'>pudenter</span> 
     </span>
     <span class='ocr_line' id='line_1_12' title="bbox 286 2111 1334 2202; baseline -0.003 -21"><span class='ocrx_word' id='word_1_95' title='bbox 286 2126 304 2150; x_wconf 90' lang='lat'>“</span> <span class='ocrx_word' id='word_1_96' title='bbox 326 2119 362 2182; x_wconf 88' lang='lat' dir='ltr'>et</span> <span class='ocrx_word' id='word_1_97' title='bbox 382 2114 566 2181; x_wconf 83' lang='lat' dir='ltr'>verecunde</span> <span class='ocrx_word' id='word_1_98' title='bbox 587 2115 760 2202; x_wconf 81' lang='lat' dir='ltr'>praesumis</span> <span class='ocrx_word' id='word_1_99' title='bbox 774 2115 882 2180; x_wconf 77' lang='lat' dir='ltr'>dicere</span> <span class='ocrx_word' id='word_1_100' title='bbox 904 2113 1033 2196; x_wconf 72' lang='lat' dir='ltr'>ulum,</span> <span class='ocrx_word' id='word_1_101' title='bbox 1050 2119 1087 2181; x_wconf 92' lang='lat' dir='ltr'>et</span> <span class='ocrx_word' id='word_1_102' title='bbox 1109 2120 1226 2180; x_wconf 87' lang='lat' dir='ltr'>contra</span> <span class='ocrx_word' id='word_1_103' title='bbox 1247 2111 1334 2178; x_wconf 88' lang='lat' dir='ltr'>veri-</span> 
     </span>
     <span class='ocr_line' id='line_1_13' title="bbox 287 2216 1336 2296; baseline -0.005 -12"><span class='ocrx_word' id='word_1_104' title='bbox 287 2228 305 2254; x_wconf 90' lang='lat'><strong>“</strong></span> <span class='ocrx_word' id='word_1_105' title='bbox 326 2223 432 2284; x_wconf 87' lang='lat' dir='ltr'>tatem</span> <span class='ocrx_word' id='word_1_106' title='bbox 457 2217 535 2284; x_wconf 76' lang='lat' dir='ltr'>iret</span> <span class='ocrx_word' id='word_1_107' title='bbox 578 2216 742 2283; x_wconf 86' lang='lat' dir='ltr'>Miremur</span> <span class='ocrx_word' id='word_1_108' title='bbox 767 2217 869 2284; x_wconf 85' lang='lat' dir='ltr'>etiam</span> <span class='ocrx_word' id='word_1_109' title='bbox 899 2216 1047 2296; x_wconf 80' lang='lat' dir='ltr'>ulterius,</span> <span class='ocrx_word' id='word_1_110' title='bbox 1074 2220 1110 2284; x_wconf 86' lang='lat' dir='ltr'>et</span> <span class='ocrx_word' id='word_1_111' title='bbox 1131 2216 1336 2284; x_wconf 86' lang='lat' dir='ltr'>admiramur</span> 
     </span>
     <span class='ocr_line' id='line_1_14' title="bbox 287 2317 1337 2407; baseline -0.003 -21"><span class='ocrx_word' id='word_1_112' title='bbox 287 2331 305 2357; x_wconf 88' lang='lat'><strong>“</strong></span> <span class='ocrx_word' id='word_1_113' title='bbox 326 2318 564 2397; x_wconf 80' lang='lat' dir='ltr'>vehementius,</span> <span class='ocrx_word' id='word_1_114' title='bbox 599 2339 666 2406; x_wconf 90' lang='lat' dir='ltr'>qua</span> <span class='ocrx_word' id='word_1_115' title='bbox 698 2319 815 2407; x_wconf 82' lang='lat' dir='ltr'>lingua</span> <span class='ocrx_word' id='word_1_116' title='bbox 850 2319 1002 2405; x_wconf 89' lang='lat' dir='ltr'>loqueris,</span> <span class='ocrx_word' id='word_1_117' title='bbox 1034 2341 1100 2407; x_wconf 89' lang='lat' dir='ltr'>qua</span> <span class='ocrx_word' id='word_1_118' title='bbox 1136 2317 1337 2386; x_wconf 81' lang='lat' dir='ltr'>couscientia</span> 
     </span>
     <span class='ocr_line' id='line_1_15' title="bbox 288 2420 1336 2511; baseline -0.004 -21"><span class='ocrx_word' id='word_1_119' title='bbox 288 2433 306 2459; x_wconf 92' lang='lat'><strong>“</strong></span> <span class='ocrx_word' id='word_1_120' title='bbox 327 2423 474 2500; x_wconf 81' lang='lat' dir='ltr'>traheris,</span> <span class='ocrx_word' id='word_1_121' title='bbox 498 2443 606 2509; x_wconf 83' lang='lat' dir='ltr'>quove</span> <span class='ocrx_word' id='word_1_122' title='bbox 627 2422 728 2490; x_wconf 81' lang='lat' dir='ltr'>vultu</span> <span class='ocrx_word' id='word_1_123' title='bbox 749 2423 890 2511; x_wconf 79' lang='lat' dir='ltr'>respicis,</span> <span class='ocrx_word' id='word_1_124' title='bbox 913 2423 1035 2511; x_wconf 90' lang='lat' dir='ltr'>spiritu</span> <span class='ocrx_word' id='word_1_125' title='bbox 1048 2445 1108 2489; x_wconf 89' lang='lat' dir='ltr'>seu</span> <span class='ocrx_word' id='word_1_126' title='bbox 1130 2420 1336 2502; x_wconf 79' lang='lat' dir='ltr'>⁸instrueris,</span> 
     </span>
     <span class='ocr_line' id='line_1_16' title="bbox 289 2523 1339 2612; baseline -0.001 -22"><span class='ocrx_word' id='word_1_127' title='bbox 289 2532 368 2590; x_wconf 89' lang='lat' dir='ltr'>“ut</span> <span class='ocrx_word' id='word_1_128' title='bbox 396 2524 545 2591; x_wconf 86' lang='lat' dir='ltr'>dedioere</span> <span class='ocrx_word' id='word_1_129' title='bbox 579 2523 688 2612; x_wconf 85' lang='lat' dir='ltr'>palam</span> <span class='ocrx_word' id='word_1_130' title='bbox 721 2524 842 2591; x_wconf 81' lang='lat' dir='ltr'>audeas</span> <span class='ocrx_word' id='word_1_131' title='bbox 875 2524 965 2611; x_wconf 89' lang='lat' dir='ltr'>quod</span> <span class='ocrx_word' id='word_1_132' title='bbox 998 2523 1097 2592; x_wconf 88' lang='lat' dir='ltr'>nobis</span> <span class='ocrx_word' id='word_1_133' title='bbox 1127 2525 1240 2612; x_wconf 79' lang='lat' dir='ltr'>gratis,</span> <span class='ocrx_word' id='word_1_134' title='bbox 1263 2528 1339 2611; x_wconf 91' lang='lat' dir='ltr'>post</span> 
     </span>
     <span class='ocr_line' id='line_1_17' title="bbox 289 2625 1340 2706; baseline -0.004 -12"><span class='ocrx_word' id='word_1_135' title='bbox 289 2637 308 2663; x_wconf 91' lang='lat'>“</span> <span class='ocrx_word' id='word_1_136' title='bbox 329 2633 422 2694; x_wconf 83' lang='lat' dir='ltr'>tuam</span> <span class='ocrx_word' id='word_1_137' title='bbox 443 2625 687 2706; x_wconf 82' lang='lat' dir='ltr'>eonfeeeionem,</span> <span class='ocrx_word' id='word_1_138' title='bbox 708 2627 884 2696; x_wconf 85' lang='lat' dir='ltr'>revelabas.</span> <span class='ocrx_word' id='word_1_139' title='bbox 922 2627 1103 2694; x_wconf 83' lang='lat' dir='ltr'>Revelabas</span> <span class='ocrx_word' id='word_1_140' title='bbox 1125 2625 1340 2705; x_wconf 69' lang='lat' dir='ltr'>tumulentur,</span> 
     </span>
     <span class='ocr_line' id='line_1_18' title="bbox 290 2729 1339 2816; baseline -0.003 -19"><span class='ocrx_word' id='word_1_141' title='bbox 290 2740 308 2766; x_wconf 91' lang='lat'><strong>“</strong></span> <span class='ocrx_word' id='word_1_142' title='bbox 329 2729 434 2813; x_wconf 85' lang='lat' dir='ltr'>nobie,</span> <span class='ocrx_word' id='word_1_143' title='bbox 465 2730 628 2816; x_wconf 88' lang='lat' dir='ltr'>quomodo</span> <span class='ocrx_word' id='word_1_144' title='bbox 659 2750 728 2796; x_wconf 93' lang='lat' dir='ltr'>non</span> <span class='ocrx_word' id='word_1_145' title='bbox 765 2730 872 2796; x_wconf 81' lang='lat' dir='ltr'>solum</span> <span class='ocrx_word' id='word_1_146' title='bbox 902 2735 956 2797; x_wconf 90' lang='lat' dir='ltr'>tot</span> <span class='ocrx_word' id='word_1_147' title='bbox 976 2735 1022 2812; x_wconf 84' lang='lat' dir='ltr'>et</span> <span class='ocrx_word' id='word_1_148' title='bbox 1052 2735 1166 2797; x_wconf 84' lang='lat' dir='ltr'>tantas</span> <span class='ocrx_word' id='word_1_149' title='bbox 1196 2729 1339 2796; x_wconf 78' lang='lat' dir='ltr'>habebas</span> 
     </span>
     <span class='ocr_line' id='line_1_19' title="bbox 292 2830 1340 2920; baseline -0.001 -22"><span class='ocrx_word' id='word_1_150' title='bbox 292 2843 308 2868; x_wconf 92' lang='lat'><strong>“</strong></span> <span class='ocrx_word' id='word_1_151' title='bbox 330 2831 493 2920; x_wconf 87' lang='lat' dir='ltr'>pecunias,</span> <span class='ocrx_word' id='word_1_152' title='bbox 523 2831 799 2918; x_wconf 74' lang='lat' dir='ltr'>quemadmodum</span> <span class='ocrx_word' id='word_1_153' title='bbox 828 2833 926 2900; x_wconf 92' lang='lat' dir='ltr'>modo</span> <span class='ocrx_word' id='word_1_154' title='bbox 955 2832 1108 2911; x_wconf 81' lang='lat' dir='ltr'>diximus,</span> <span class='ocrx_word' id='word_1_155' title='bbox 1133 2830 1340 2919; x_wconf 77' lang='lat' dir='ltr'>²quinimu10</span> 
     </span>
     <span class='ocr_line' id='line_1_20' title="bbox 292 2934 1339 3023; baseline -0.005 -19"><span class='ocrx_word' id='word_1_156' title='bbox 292 2945 311 2972; x_wconf 89' lang='lat'><em>“</em></span> <span class='ocrx_word' id='word_1_157' title='bbox 333 2937 468 3004; x_wconf 81' lang='lat' dir='ltr'>vaseula</span> <span class='ocrx_word' id='word_1_158' title='bbox 488 2940 646 3023; x_wconf 80' lang='lat' dir='ltr'>argentea</span> <span class='ocrx_word' id='word_1_159' title='bbox 670 2935 736 3002; x_wconf 80' lang='lat' dir='ltr'>ulie</span> <span class='ocrx_word' id='word_1_160' title='bbox 757 2935 859 3014; x_wconf 86' lang='lat' dir='ltr'>varie,</span> <span class='ocrx_word' id='word_1_161' title='bbox 882 2939 953 3002; x_wconf 83' lang='lat' dir='ltr'>tarn</span> <span class='ocrx_word' id='word_1_162' title='bbox 975 2957 1034 3022; x_wconf 89' lang='lat' dir='ltr'>pro</span> <span class='ocrx_word' id='word_1_163' title='bbox 1055 2934 1136 3000; x_wconf 87' lang='lat' dir='ltr'>vino</span> <span class='ocrx_word' id='word_1_164' title='bbox 1157 2955 1256 3021; x_wconf 88' lang='lat' dir='ltr'>quam</span> <span class='ocrx_word' id='word_1_165' title='bbox 1280 2955 1339 3021; x_wconf 91' lang='lat' dir='ltr'>pro</span> 
     </span>
     <span class='ocr_line' id='line_1_21' title="bbox 292 3036 1341 3124; baseline -0.002 -20"><span class='ocrx_word' id='word_1_166' title='bbox 292 3048 309 3074; x_wconf 89' lang='lat'>“</span> <span class='ocrx_word' id='word_1_167' title='bbox 330 3038 406 3116; x_wconf 83' lang='lat' dir='ltr'>sale,</span> <span class='ocrx_word' id='word_1_168' title='bbox 427 3060 467 3104; x_wconf 83' lang='lat' dir='ltr'>oo</span> <span class='ocrx_word' id='word_1_169' title='bbox 495 3037 598 3104; x_wconf 81' lang='lat' dir='ltr'>etiam</span> <span class='ocrx_word' id='word_1_170' title='bbox 629 3058 687 3124; x_wconf 84' lang='lat' dir='ltr'>pm</span> <span class='ocrx_word' id='word_1_171' title='bbox 718 3036 795 3104; x_wconf 83' lang='lat' dir='ltr'>eliis</span> <span class='ocrx_word' id='word_1_172' title='bbox 824 3037 1026 3124; x_wconf 85' lang='lat' dir='ltr'>apponendis</span> <span class='ocrx_word' id='word_1_173' title='bbox 1057 3037 1095 3102; x_wconf 91' lang='lat' dir='ltr'>in</span> <span class='ocrx_word' id='word_1_174' title='bbox 1124 3058 1244 3115; x_wconf 85' lang='lat' dir='ltr'>mensa,</span> <span class='ocrx_word' id='word_1_175' title='bbox 1266 3057 1341 3123; x_wconf 82' lang='lat' dir='ltr'>quae</span> 
     </span>
     <span class='ocr_line' id='line_1_22' title="bbox 293 3138 1337 3228; baseline -0.001 -22"><span class='ocrx_word' id='word_1_176' title='bbox 293 3149 310 3175; x_wconf 93' lang='lat'><strong>“</strong></span> <span class='ocrx_word' id='word_1_177' title='bbox 333 3140 443 3208; x_wconf 83' lang='lat' dir='ltr'>omnia</span> <span class='ocrx_word' id='word_1_178' title='bbox 483 3139 580 3208; x_wconf 86' lang='lat' dir='ltr'>nobie</span> <span class='ocrx_word' id='word_1_179' title='bbox 620 3138 802 3206; x_wconf 75' lang='lat' dir='ltr'>*obtulisti</span> <span class='ocrx_word' id='word_1_180' title='bbox 842 3140 958 3206; x_wconf 84' lang='lat' dir='ltr'>afferre</span> <span class='ocrx_word' id='word_1_181' title='bbox 998 3139 1110 3228; x_wconf 82' lang='lat' dir='ltr'>gratis,</span> <span class='ocrx_word' id='word_1_182' title='bbox 1152 3159 1337 3228; x_wconf 88' lang='lat' dir='ltr'>ponereque</span> 
     </span>
     <span class='ocr_line' id='line_1_23' title="bbox 293 3243 1341 3330; baseline 0.005 -24"><span class='ocrx_word' id='word_1_183' title='bbox 293 3252 309 3279; x_wconf 75' lang='lat'>‘⁶</span> <span class='ocrx_word' id='word_1_184' title='bbox 331 3243 426 3330; x_wconf 88' lang='lat' dir='ltr'>plene</span> <span class='ocrx_word' id='word_1_185' title='bbox 447 3247 483 3310; x_wconf 85' lang='lat' dir='ltr'>et</span> <span class='ocrx_word' id='word_1_186' title='bbox 504 3243 641 3330; x_wconf 80' lang='lat' dir='ltr'>integre,</span> <span class='ocrx_word' id='word_1_187' title='bbox 664 3244 749 3310; x_wconf 83' lang='lat' dir='ltr'>siout</span> <span class='ocrx_word' id='word_1_188' title='bbox 771 3243 843 3310; x_wconf 85' lang='lat' dir='ltr'>veri</span> <span class='ocrx_word' id='word_1_189' title='bbox 864 3243 1018 3311; x_wconf 84' lang='lat' dir='ltr'>interfuit</span> <span class='ocrx_word' id='word_1_190' title='bbox 1038 3244 1200 3325; x_wconf 86' lang='lat' dir='ltr'>monaehi,</span> <span class='ocrx_word' id='word_1_191' title='bbox 1215 3245 1253 3312; x_wconf 92' lang='lat' dir='ltr'>in</span> <span class='ocrx_word' id='word_1_192' title='bbox 1275 3245 1341 3311; x_wconf 84' lang='lat' dir='ltr'>die-</span> 
     </span>
     <span class='ocr_line' id='line_1_24' title="bbox 293 3346 1341 3434; baseline 0.003 -22"><span class='ocrx_word' id='word_1_193' title='bbox 293 3355 311 3382; x_wconf 88' lang='lat'><strong>“</strong></span> <span class='ocrx_word' id='word_1_194' title='bbox 333 3346 497 3433; x_wconf 79' lang='lat' dir='ltr'>positione</span> <span class='ocrx_word' id='word_1_195' title='bbox 526 3351 649 3414; x_wconf 86' lang='lat' dir='ltr'>nostra.</span> <span class='ocrx_word' id='word_1_196' title='bbox 694 3346 795 3413; x_wconf 88' lang='lat' dir='ltr'>Modo</span> <span class='ocrx_word' id='word_1_197' title='bbox 832 3352 953 3425; x_wconf 88' lang='lat' dir='ltr'>tamen,</span> <span class='ocrx_word' id='word_1_198' title='bbox 984 3347 1095 3427; x_wconf 85' lang='lat' dir='ltr'>frater,</span> <span class='ocrx_word' id='word_1_199' title='bbox 1126 3349 1220 3434; x_wconf 87' lang='lat' dir='ltr'>quasi</span> <span class='ocrx_word' id='word_1_200' title='bbox 1253 3369 1341 3414; x_wconf 89' lang='lat' dir='ltr'>nun·</span> 
     </span>
     <span class='ocr_line' id='line_1_25' title="bbox 294 3448 1343 3538; baseline 0.004 -24"><span class='ocrx_word' id='word_1_201' title='bbox 294 3457 312 3484; x_wconf 90' lang='lat'><em>“</em></span> <span class='ocrx_word' id='word_1_202' title='bbox 333 3470 432 3535; x_wconf 87' lang='lat' dir='ltr'>quom</span> <span class='ocrx_word' id='word_1_203' title='bbox 463 3454 503 3515; x_wconf 86' lang='lat' dir='ltr'>tu</span> <span class='ocrx_word' id='word_1_204' title='bbox 536 3448 677 3516; x_wconf 77' lang='lat' dir='ltr'>dixisses</span> <span class='ocrx_word' id='word_1_205' title='bbox 709 3448 832 3530; x_wconf 67' lang='lat' dir='ltr'>taliter,</span> <span class='ocrx_word' id='word_1_206' title='bbox 851 3450 945 3536; x_wconf 81' lang='lat' dir='ltr'>jurae</span> <span class='ocrx_word' id='word_1_207' title='bbox 979 3456 1014 3518; x_wconf 89' lang='lat' dir='ltr'>et</span> <span class='ocrx_word' id='word_1_208' title='bbox 1046 3450 1201 3538; x_wconf 72' lang='lat' dir='ltr'>perjurae,</span> <span class='ocrx_word' id='word_1_209' title='bbox 1232 3451 1343 3538; x_wconf 83' lang='lat' dir='ltr'>sieque</span> 
     </span>
     <span class='ocr_line' id='line_1_26' title="bbox 293 3549 1343 3642; baseline 0.003 -25"><span class='ocrx_word' id='word_1_210' title='bbox 293 3560 311 3585; x_wconf 84' lang='lat'>‘¹</span> <span class='ocrx_word' id='word_1_211' title='bbox 333 3551 423 3618; x_wconf 85' lang='lat' dir='ltr'>varie</span> <span class='ocrx_word' id='word_1_212' title='bbox 445 3573 484 3618; x_wconf 82' lang='lat' dir='ltr'>ao</span> <span class='ocrx_word' id='word_1_213' title='bbox 505 3551 668 3618; x_wconf 81' lang='lat' dir='ltr'>contrarie</span> <span class='ocrx_word' id='word_1_214' title='bbox 692 3549 730 3618; x_wconf 90' lang='lat' dir='ltr'>in</span> <span class='ocrx_word' id='word_1_215' title='bbox 759 3551 912 3619; x_wconf 84' lang='lat' dir='ltr'>omnibus</span> <span class='ocrx_word' id='word_1_216' title='bbox 941 3557 976 3620; x_wconf 88' lang='lat' dir='ltr'>te</span> <span class='ocrx_word' id='word_1_217' title='bbox 998 3553 1259 3642; x_wconf 63' lang='lat' dir='ltr'>gubernassem</span> <span class='ocrx_word' id='word_1_218' title='bbox 1282 3575 1343 3620; x_wconf 87' lang='lat' dir='ltr'>neo</span> 
     </span>
     <span class='ocr_line' id='line_1_27' title="bbox 295 3653 1341 3743; baseline 0.004 -24"><span class='ocrx_word' id='word_1_219' title='bbox 295 3659 313 3688; x_wconf 92' lang='lat'>“</span> <span class='ocrx_word' id='word_1_220' title='bbox 336 3653 418 3720; x_wconf 83' lang='lat' dir='ltr'>fides</span> <span class='ocrx_word' id='word_1_221' title='bbox 439 3675 501 3719; x_wconf 88' lang='lat' dir='ltr'>neo</span> <span class='ocrx_word' id='word_1_222' title='bbox 521 3654 647 3722; x_wconf 84' lang='lat' dir='ltr'>veritae</span> <span class='ocrx_word' id='word_1_223' title='bbox 661 3653 869 3724; x_wconf 84' lang='lat' dir='ltr'>inveniretur</span> <span class='ocrx_word' id='word_1_224' title='bbox 890 3655 928 3721; x_wconf 90' lang='lat' dir='ltr'>in</span> <span class='ocrx_word' id='word_1_225' title='bbox 948 3655 1114 3743; x_wconf 72' lang='lat' dir='ltr'>aliquibus</span> <span class='ocrx_word' id='word_1_226' title='bbox 1132 3657 1244 3724; x_wconf 82' lang='lat' dir='ltr'>verbis</span> <span class='ocrx_word' id='word_1_227' title='bbox 1266 3657 1341 3723; x_wconf 86' lang='lat' dir='ltr'>tuis.</span> 
     </span>
     <span class='ocr_line' id='line_1_28' title="bbox 294 3756 1343 3848; baseline 0.002 -26"><span class='ocrx_word' id='word_1_228' title='bbox 294 3765 313 3790; x_wconf 91' lang='lat'><em>“</em></span> <span class='ocrx_word' id='word_1_229' title='bbox 335 3756 424 3836; x_wconf 81' lang='lat' dir='ltr'>dam,</span> <span class='ocrx_word' id='word_1_230' title='bbox 438 3756 551 3835; x_wconf 86' lang='lat' dir='ltr'>freter,</span> <span class='ocrx_word' id='word_1_231' title='bbox 568 3778 627 3845; x_wconf 86' lang='lat' dir='ltr'>per</span> <span class='ocrx_word' id='word_1_232' title='bbox 644 3757 882 3845; x_wconf 83' lang='lat' dir='ltr'>experientiam</span> <span class='ocrx_word' id='word_1_233' title='bbox 900 3780 1017 3824; x_wconf 87' lang='lat' dir='ltr'>verum</span> <span class='ocrx_word' id='word_1_234' title='bbox 1035 3781 1103 3826; x_wconf 81' lang='lat' dir='ltr'>esse</span> <span class='ocrx_word' id='word_1_235' title='bbox 1118 3760 1343 3848; x_wconf 82' lang='lat' dir='ltr'>oomperimue‚</span> 
     </span>
     <span class='ocr_line' id='line_1_29' title="bbox 295 3858 1342 3949; baseline 0.004 -25"><span class='ocrx_word' id='word_1_236' title='bbox 295 3868 313 3893; x_wconf 90' lang='lat'><strong>“</strong></span> <span class='ocrx_word' id='word_1_237' title='bbox 336 3859 424 3944; x_wconf 90' lang='lat' dir='ltr'>quod</span> <span class='ocrx_word' id='word_1_238' title='bbox 446 3858 574 3926; x_wconf 91' lang='lat' dir='ltr'>dudum</span> <span class='ocrx_word' id='word_1_239' title='bbox 603 3859 762 3926; x_wconf 82' lang='lat' dir='ltr'>dixerunt</span> <span class='ocrx_word' id='word_1_240' title='bbox 790 3859 887 3926; x_wconf 89' lang='lat' dir='ltr'>nobis</span> <span class='ocrx_word' id='word_1_241' title='bbox 908 3861 1027 3928; x_wconf 84' lang='lat' dir='ltr'>fratres</span> <span class='ocrx_word' id='word_1_242' title='bbox 1048 3862 1100 3927; x_wconf 92' lang='lat' dir='ltr'>tui</span> <span class='ocrx_word' id='word_1_243' title='bbox 1124 3862 1342 3949; x_wconf 79' lang='lat' dir='ltr'>quamplures.</span> 
     </span>
     <span class='ocr_line' id='line_1_30' title="bbox 296 3960 1344 4050; baseline 0.005 -25"><span class='ocrx_word' id='word_1_244' title='bbox 296 3969 313 3994; x_wconf 91' lang='lat'><strong>“</strong></span> <span class='ocrx_word' id='word_1_245' title='bbox 337 3961 503 4027; x_wconf 81' lang='lat' dir='ltr'>Dixeumt</span> <span class='ocrx_word' id='word_1_246' title='bbox 525 3960 641 4049; x_wconf 87' lang='lat' dir='ltr'>utique</span> <span class='ocrx_word' id='word_1_247' title='bbox 664 3961 760 4028; x_wconf 84' lang='lat' dir='ltr'>nobis</span> <span class='ocrx_word' id='word_1_248' title='bbox 782 3961 824 4028; x_wconf 89' lang='lat' dir='ltr'>de</span> <span class='ocrx_word' id='word_1_249' title='bbox 846 3967 889 4041; x_wconf 88' lang='lat' dir='ltr'>te,</span> <span class='ocrx_word' id='word_1_250' title='bbox 912 3963 1075 4050; x_wconf 92' lang='lat' dir='ltr'>quomodo</span> <span class='ocrx_word' id='word_1_251' title='bbox 1106 3970 1153 4044; x_wconf 89' lang='lat' dir='ltr'>tu,</span> <span class='ocrx_word' id='word_1_252' title='bbox 1185 3963 1344 4050; x_wconf 83' lang='lat' dir='ltr'>quemvis,</span> 
     </span>
     <span class='ocr_line' id='line_1_31' title="bbox 297 4063 1346 4153; baseline 0.002 -25"><span class='ocrx_word' id='word_1_253' title='bbox 297 4071 314 4096; x_wconf 89' lang='lat'><strong>“</strong></span> <span class='ocrx_word' id='word_1_254' title='bbox 338 4085 396 4148; x_wconf 91' lang='lat' dir='ltr'>pro</span> <span class='ocrx_word' id='word_1_255' title='bbox 413 4063 482 4128; x_wconf 88' lang='lat' dir='ltr'>tuis</span> <span class='ocrx_word' id='word_1_256' title='bbox 505 4063 709 4130; x_wconf 83' lang='lat' dir='ltr'>oooultandis</span> <span class='ocrx_word' id='word_1_257' title='bbox 728 4063 922 4149; x_wconf 80' lang='lat' dir='ltr'>excessibus,</span> <span class='ocrx_word' id='word_1_258' title='bbox 937 4067 981 4133; x_wconf 87' lang='lat' dir='ltr'>ad</span> <span class='ocrx_word' id='word_1_259' title='bbox 997 4067 1180 4153; x_wconf 86' lang='lat' dir='ltr'>jurandum</span> <span class='ocrx_word' id='word_1_260' title='bbox 1202 4067 1246 4131; x_wconf 83' lang='lat' dir='ltr'>ais</span> <span class='ocrx_word' id='word_1_261' title='bbox 1261 4067 1346 4130; x_wconf 92' lang='lat' dir='ltr'>mul-</span> 
     </span>
     <span class='ocr_line' id='line_1_32' title="bbox 297 4167 1346 4254; baseline 0.003 -24"><span class='ocrx_word' id='word_1_262' title='bbox 297 4173 315 4198; x_wconf 90' lang='lat'><strong>“</strong></span> <span class='ocrx_word' id='word_1_263' title='bbox 338 4171 411 4231; x_wconf 90' lang='lat' dir='ltr'>tum</span> <span class='ocrx_word' id='word_1_264' title='bbox 444 4185 576 4252; x_wconf 90' lang='lat' dir='ltr'>pronus,</span> <span class='ocrx_word' id='word_1_265' title='bbox 608 4167 775 4254; x_wconf 75' lang='lat' dir='ltr'>perjurare</span> <span class='ocrx_word' id='word_1_266' title='bbox 808 4173 922 4234; x_wconf 88' lang='lat' dir='ltr'>tamen</span> <span class='ocrx_word' id='word_1_267' title='bbox 953 4169 1001 4236; x_wconf 86' lang='lat' dir='ltr'>sio</span> <span class='ocrx_word' id='word_1_268' title='bbox 1034 4169 1076 4235; x_wconf 86' lang='lat' dir='ltr'>de</span> <span class='ocrx_word' id='word_1_269' title='bbox 1109 4167 1346 4236; x_wconf 84' lang='lat' dir='ltr'>eonsuetudine</span> 
     </span>
     <span class='ocr_line' id='line_1_33' title="bbox 298 4267 1347 4359; baseline 0.004 -26"><span class='ocrx_word' id='word_1_270' title='bbox 298 4277 315 4302; x_wconf 91' lang='lat'><strong>“</strong></span> <span class='ocrx_word' id='word_1_271' title='bbox 337 4268 429 4346; x_wconf 84' lang='lat' dir='ltr'>soles,</span> <span class='ocrx_word' id='word_1_272' title='bbox 460 4267 549 4355; x_wconf 91' lang='lat' dir='ltr'>quod</span> <span class='ocrx_word' id='word_1_273' title='bbox 581 4267 659 4336; x_wconf 88' lang='lat' dir='ltr'>lieet</span> <span class='ocrx_word' id='word_1_274' title='bbox 691 4291 790 4358; x_wconf 84' lang='lat' dir='ltr'>super</span> <span class='ocrx_word' id='word_1_275' title='bbox 815 4270 954 4338; x_wconf 83' lang='lat' dir='ltr'>Librum</span> <span class='ocrx_word' id='word_1_276' title='bbox 984 4271 1111 4352; x_wconf 87' lang='lat' dir='ltr'>fierent,</span> <span class='ocrx_word' id='word_1_277' title='bbox 1144 4271 1215 4338; x_wconf 83' lang='lat' dir='ltr'>sive</span> <span class='ocrx_word' id='word_1_278' title='bbox 1249 4293 1347 4359; x_wconf 84' lang='lat' dir='ltr'>super</span> 
     </span>
     <span class='ocr_line' id='line_1_34' title="bbox 298 4369 1349 4450; baseline 0.006 -15"><span class='ocrx_word' id='word_1_279' title='bbox 298 4379 316 4404; x_wconf 89' lang='lat'><strong>“</strong></span> <span class='ocrx_word' id='word_1_280' title='bbox 340 4369 598 4450; x_wconf 75' lang='lat' dir='ltr'>Sacramentum,</span> <span class='ocrx_word' id='word_1_281' title='bbox 620 4370 713 4437; x_wconf 87' lang='lat' dir='ltr'>nulla</span> <span class='ocrx_word' id='word_1_282' title='bbox 742 4377 855 4439; x_wconf 86' lang='lat' dir='ltr'>tamen</span> <span class='ocrx_word' id='word_1_283' title='bbox 884 4373 967 4440; x_wconf 81' lang='lat' dir='ltr'>fides</span> <span class='ocrx_word' id='word_1_284' title='bbox 996 4396 1055 4440; x_wconf 89' lang='lat' dir='ltr'>seu</span> <span class='ocrx_word' id='word_1_285' title='bbox 1085 4375 1253 4442; x_wconf 83' lang='lat' dir='ltr'>credentia</span> <span class='ocrx_word' id='word_1_286' title='bbox 1276 4375 1349 4442; x_wconf 86' lang='lat' dir='ltr'>deri</span> 
     </span>
     <span class='ocr_line' id='line_1_35' title="bbox 298 4471 1350 4562; baseline 0.003 -20"><span class='ocrx_word' id='word_1_287' title='bbox 298 4480 316 4506; x_wconf 91' lang='lat'>“</span> <span class='ocrx_word' id='word_1_288' title='bbox 339 4479 449 4560; x_wconf 67' lang='lat' dir='ltr'>ponet</span> <span class='ocrx_word' id='word_1_289' title='bbox 461 4471 628 4561; x_wconf 78' lang='lat' dir='ltr'>aliquibus</span> <span class='ocrx_word' id='word_1_290' title='bbox 644 4474 842 4562; x_wconf 80' lang='lat' dir='ltr'>juramentis</span> <span class='ocrx_word' id='word_1_291' title='bbox 856 4477 934 4546; x_wconf 90' lang='lat' dir='ltr'>tuis.</span> <span class='ocrx_word' id='word_1_292' title='bbox 973 4475 1064 4559; x_wconf 78' lang='lat' dir='ltr'>Quos</span> <span class='ocrx_word' id='word_1_293' title='bbox 1078 4497 1121 4544; x_wconf 82' lang='lat' dir='ltr'>ex</span> <span class='ocrx_word' id='word_1_294' title='bbox 1135 4477 1197 4545; x_wconf 87' lang='lat' dir='ltr'>hoe</span> <span class='ocrx_word' id='word_1_295' title='bbox 1217 4499 1350 4546; x_wconf 84' lang='lat' dir='ltr'>vereees</span> 
     </span>
    </p>
   </div>
   <div class='ocr_carea' id='block_1_6' title="bbox 335 4787 1121 4940">
    <p class='ocr_par' dir='ltr' id='par_1_6' title="bbox 335 4787 1121 4940">
     <span class='ocr_line' id='line_1_36' title="bbox 336 4787 1121 4856; baseline 0.008 -12"><span class='ocrx_word' id='word_1_296' title='bbox 336 4787 692 4856; x_wconf 68' lang='lat' dir='ltr'>¹mdmpwhbnemlnbls.</span> <span class='ocrx_word' id='word_1_297' title='bbox 884 4793 1121 4850; x_wconf 72' lang='lat' dir='ltr'>³2&#39;nuuee&#39;einMS.</span> 
     </span>
     <span class='ocr_line' id='line_1_37' title="bbox 335 4868 1119 4940; baseline -0.008 -4"><span class='ocrx_word' id='word_1_298' title='bbox 335 4868 571 4935; x_wconf 61' lang='lat' dir='ltr'>’Wlssffi</span> <span class='ocrx_word' id='word_1_299' title='bbox 884 4873 1119 4940; x_wconf 54' lang='lat' dir='ltr'>wulwinus.</span> 
     </span>
    </p>
   </div>
   <div class='ocr_carea' id='block_1_7' title="bbox 0 0 1828 5838">
    <p class='ocr_par' dir='ltr' id='par_1_7' title="bbox 0 0 1828 5838">
     <span class='ocr_line' id='line_1_38' title="bbox 0 0 1828 5838; baseline 0 0"><span class='ocrx_word' id='word_1_300' title='bbox 0 0 1828 5838; x_wconf 95' lang='lat' dir='ltr'> </span> 
     </span>
    </p>
   </div>
  </div>
 </body>
</html>
