3588 5838
435 867 480 942 ¹74
770 887 968 940 recemum
989 885 1145 938 aemma

267 1089 418 1142 amires.
433 1073 598 1162 aliquibus
620 1073 784 1156 dominiis,
805 1072 968 1152 maneriis,
990 1073 1096 1156 terris,
1124 1073 1330 1154 tenementis,
1353 1093 1477 1160 posses·

433 1176 587 1257 sionibus,
609 1177 801 1256 redditibus,
832 1175 1084 1256 reversionibus,
1113 1175 1225 1257 firmis,
1256 1176 1477 1264 pensionibus,

432 1278 665 1366 1portionibus
696 1257 823 1359 enodis,
861 1277 1062 1367 apportibus,
1100 1279 1337 1360 emunitatibus,
1374 1278 1478 1344 feodis

431 1381 585 1462 militum,
616 1381 888 1449 advocationibus
918 1382 1135 1462 eeclesiarum,
1164 1381 1371 1470 capellarum,
1402 1402 1477 1448 can·

430 1483 601 1566 tamarum,
624 1485 680 1550 vel
701 1484 920 1573 hospitalium,
944 1489 1003 1551 aut
1027 1484 1193 1572 aliquibus
1217 1483 1293 1550 eliis
1313 1483 1476 1572 proficuis,

430 1585 628 1668 franchesiis,
666 1586 886 1666 libertatibus,
923 1587 1076 1670 servitiis,
1113 1587 1168 1654 vel
1204 1585 1475 1667 concessionibus,

430 1709 505 1775 quae
534 1693 616 1755 ωηο
637 1687 833 1768 habuerunt,
854 1693 914 1756 aut
936 1691 1073 1755 2earum
1097 1689 1209 1776 alique
1238 1694 1318 1755 ωηο
1347 1688 1475 1768 habuit,

429 1791 558 1858 ratione
580 1791 718 1880 alicujus
740 1793 827 1871 doni,
847 1792 1071 1872 concessionis,
1087 1791 1353 1870 confirmationis,
1369 1791 1475 1857 relax-

429 1895 560 1972 ationis,
575 1901 635 1960 eut
649 1893 857 1974 dimissionis,
873 1895 928 1974 eis,
943 1900 1004 1962 aut
1025 1917 1138 1961 eorum
1155 1894 1261 1973 alicui,
1277 1894 1474 1981 perdicium

429 1997 609 2062 Dominum
633 1997 756 2084 Regem
778 1997 865 2076 fecti,
888 2019 947 2085 pro
979 1997 1092 2085 aliqua
1120 1998 1259 2064 materia
1287 1998 1341 2064 vel
1370 2019 1474 2076 causa,

428 2121 504 2186 quae
526 2099 669 2186 intelligi
691 2105 751 2165 aut
772 2099 897 2187 oonoipi
919 2105 1029 2187 posset
1050 2121 1243 2166 oonoernere
1258 2099 1474 2186 Praepositum

428 2203 482 2268 vel
503 2199 698 2268 ³Seholares
724 2199 864 2289 Collegii
887 2203 1021 2290 Regalis
1043 2203 1155 2268 Beatae
1178 2201 1295 2268 Mariae
1310 2207 1345 2268 et
1360 2201 1474 2268 Sancti

429 2303 583 2370 Nicholai
617 2303 870 2391 Centobriggiae,
905 2309 940 2371 et
974 2304 1192 2392 Praepositum
1224 2325 1262 2369 ac
1291 2303 1474 2391 Collegium

429 2405 552 2494 Regale
574 2405 688 2473 Beate
710 2406 825 2472 Mariae
852 2405 893 2472 de
923 2407 1021 2485 Eton,
1041 2407 1141 2494 juxta
1170 2405 1383 2492 Wyndeeore‚
1414 2411 1474 2473 aut

428 2530 541 2574 eorum
570 2507 706 2595 aliquos,
738 2507 938 2594 conjunctim
975 2509 1030 2576 vel
1067 2509 1254 2596 separatim,
1287 2513 1347 2574 aut
1383 2508 1475 2575 dicta

314 2594 318 2605 ’
428 2609 582 2697 Collegia,
606 2609 677 2676 sive
699 2631 811 2676 eorum
834 2610 977 2696 aliquod,
1001 2611 1079 2677 licet
1101 2631 1254 2698 expresse
1283 2609 1408 2676 mentio
1437 2611 1475 2677 in

428 2711 565 2778 Litteris
586 2710 784 2779 Potentibus
805 2712 910 2800 ipsius
932 2712 1069 2780 Domini
1100 2712 1201 2800 Regis
1229 2712 1308 2778 inde
1337 2713 1473 2780 minime

427 2815 530 2892 fieret,
553 2819 653 2903 prout
675 2814 711 2880 in
735 2815 876 2901 quodam
902 2814 1101 2902 transcripto
1123 2820 1217 2881 actus
1237 2815 1473 2904 resumptionis

426 2920 588 3008 predicte,
621 2920 675 2987 hio
708 2921 744 2986 in
775 2920 876 2987 Curia
908 2913 1072 2987 residente
1102 2920 1143 2986 de
1176 2921 1317 3002 reeordo‚
1343 2921 1472 3010 plenius

425 3029 571 3111 apparet.

471 3127 517 3192 Et
538 3125 715 3214 predictus
736 3147 825 3192 nuno
845 3123 960 3192 Abbas
983 3126 1072 3205 dicit,
1095 3125 1183 3213 quod
1198 3125 1288 3192 dicta
1305 3127 1425 3212 jocalia
1439 3133 1473 3194 et

425 3233 626 3307 ornamenta,
642 3229 679 3293 in
702 3226 839 3294 Litteris
860 3227 1058 3295 Patentibus
1081 3229 1250 3317 praediotis
1270 3251 1329 3316 per
1346 3229 1472 3296 dictum

426 3353 515 3398 nunc
548 3332 714 3398 Abbetem
748 3331 895 3417 superius
933 3329 1076 3420 allegata
1111 3337 1146 3398 et
1183 3331 1379 3419 specifioeta,
1412 3333 1471 3399 diu

424 3438 503 3500 ente
525 3434 652 3500 dictum
674 3431 1007 3500 decimum-octavum
1028 3435 1115 3500 diem
1133 3433 1324 3501 Decembris
1338 3434 1472 3502 fuerunt

424 3535 513 3602 bona
549 3539 583 3600 et
617 3533 738 3600 catallo
771 3535 902 3622 proprie
933 3535 1098 3602 dictorum
1130 3557 1237 3624 nuper
1264 3535 1408 3604 Abbatis
1437 3543 1472 3604 et

425 3636 572 3723 ejusdem
600 3634 663 3702 loci
693 3635 884 3702 Conventus
896 3661 907 3716 ;
944 3659 1019 3724 quae
1050 3639 1183 3723 quidem
1207 3639 1328 3725 jocalia
1357 3645 1471 3728 postea

425 3739 613 3821 Humfrido‚
636 3759 742 3826 nuper
771 3738 859 3805 Duoi
889 3737 1113 3818 Glcuoeetriee,
1138 3741 1211 3828 jem
1241 3741 1404 3824 defuncto,
1427 3743 1471 3809 ad

424 3866 506 3932 opus
527 3844 674 3932 ipsorum
698 3847 777 3908 tuno
798 3841 942 3910 Abbatis
966 3847 1001 3910 et
1024 3843 1219 3911 Conventus
1240 3845 1332 3911 salvo
1361 3853 1470 3914 eusto-

424 3947 551 4028 diendo,
574 3945 754 4012 deliberata
775 3946 911 4012 fuerunt
932 3968 991 4035 per
1013 3946 1118 4014 dictos
1141 3951 1223 4013 ωηο
1244 3947 1410 4016 Abbatem
1434 3955 1470 4016 et

424 4049 655 4132 Conventum3
679 4051 866 4136 posteaque,
878 4049 992 4116 eadem
1002 4049 1122 4137 jocalia
1137 4053 1171 4116 et
1182 4054 1384 4134 ornamenta,
1395 4058 1469 4140 post

422 4157 561 4219 mortem
583 4151 687 4238 ipsius
708 4174 813 4240 nuper
834 4152 936 4218 Duois
951 4151 1171 4232 Clouoeetriae‚
1185 4153 1229 4220 ed
1251 4177 1367 4220 manus
1389 4155 1469 4222 dicti
1541 4213 1546 4220 .

424 4255 561 4322 Domini
583 4255 683 4344 Regis
705 4254 919 4336 devenerunt,
935 4261 974 4321 ut
989 4255 1251 4347 administratori
1265 4257 1348 4324 dieti
1361 4281 1470 4346 nuper

422 4359 524 4425 Ducis
547 4358 769 4436 Cloueestriae,
792 4380 829 4424 eo
852 4358 940 4444 quod
961 4358 1049 4424 idem
1071 4359 1150 4424 Dux
1172 4359 1256 4426 obiit
1270 4361 1468 4444 intestatus3

422 4462 575 4549 idemque
597 4461 759 4528 Dominus
782 4460 864 4542 Rex,
878 4461 982 4526 sciens
1004 4461 1162 4548 praedicta
1178 4463 1307 4550 jecelia,
1323 4469 1358 4530 et
1373 4487 1466 4530 oma-

423 4569 536 4630 meuta
558 4563 623 4642 illa,
647 4563 691 4629 ed
711 4567 792 4629 tuno
813 4562 913 4628 fuisse
942 4563 1106 4630 dictorum
1134 4586 1238 4652 nuper
1259 4567 1402 4632 Abbatis
1432 4574 1466 4634 et

456 4769 463 4802 ¹
472 4765 637 4835 potatoribus,
650 4767 804 4832 apparently,
815 4765 841 4816 in
852 4765 908 4817 MS.
939 4761 945 4895 Ι
991 4766 1002 4799 ³
1015 4765 1127 4818 scolares
1137 4767 1163 4817 in
1174 4769 1230 4821 MS.

454 4845 465 4881 ²
477 4863 557 4896 eorum
567 4845 593 4895 in
604 4843 660 4897 Ms.
