3588 5838
422 887 485 952 100
751 896 949 946 arorsrsmr
972 894 1130 945 sesama

249 1093 318 1146 AD.
327 1097 399 1145 1⁴⁵2
420 1091 439 1122 “
461 1084 649 1172 Praepositis
677 1083 854 1172 praedietis,
878 1087 1036 1170 exparte
1060 1081 1220 1160 'Boreali
1243 1085 1278 1148 et
1300 1085 1469 1147 tenemen-

420 1192 440 1224 “
461 1191 532 1253 tum
556 1208 661 1274 nuper
682 1187 763 1252 dieti
786 1186 921 1252 Thomre
944 1183 1089 1271 Heynes‚
1112 1207 1156 1250 ex
1183 1189 1277 1272 parte
1299 1181 1469 1261 Australi;

421 1299 437 1324 “
459 1297 494 1354 et
507 1289 694 1356 extendunt
709 1310 743 1354 se
758 1311 779 1354 a
792 1287 866 1354 vioo
881 1287 1039 1375 praedicto
1055 1307 1157 1372 usque
1173 1285 1216 1351 ad
1231 1306 1363 1351 murum
1386 1305 1469 1370 prse-

422 1397 441 1426 “
461 1391 594 1457 dietum.
641 1389 716 1456 ”Ee
737 1411 824 1456 unus
847 1389 970 1455 orottus
985 1393 1083 1456 terrse
1105 1387 1281 1475 praediotae,
1297 1385 1470 1452 continens

420 1501 439 1528 “
461 1513 520 1580 per
541 1493 794 1560 estimationem
816 1491 982 1558 sexdecim
1014 1512 1105 1558 eosne
1128 1496 1233 1566 terrae,
1261 1488 1351 1574 jaoet
1381 1487 1471 1552 inter

421 1600 439 1630 ‘⁸
462 1616 613 1682 eampum
634 1599 789 1660 vooatnm
804 1593 870 1660 ‘Le
886 1592 1122 1679 Oomynfalde:
1145 1613 1187 1660 ex
1202 1595 1297 1679 parte
1312 1588 1472 1656 Oooiden·

421 1703 439 1781 ξ’
461 1698 532 1779 teli,
555 1702 589 1764 et
611 1703 733 1764 terram
756 1695 952 1762 Monialium
974 1694 1016 1762 de
1039 1693 1155 1776 Pratis,
1178 1715 1222 1760 ex
1243 1697 1339 1781 parte
1354 1691 1471 1758 Orien-

422 1805 440 1835 “
463 1799 533 1880 tali,
557 1803 592 1866 et
613 1797 750 1865 abuttat
772 1797 816 1862 ad
838 1817 943 1862 unum
965 1801 1065 1884 eaput
1096 1817 1208 1884 super·
1225 1794 1348 1881 regiam
1370 1793 1470 1871 viam,

422 1907 439 1936 “
462 1900 636 1967 dueentem
658 1923 680 1965 a
694 1899 774 1964 villa
798 1899 839 1966 de
861 1899 984 1966 Sancto
1005 1898 1139 1964 Albeno
1174 1897 1335 1985 prsediota
1356 1916 1471 1960 versus

422 2009 439 2038 “
463 2001 621 2069 Hatfelde
655 2001 817 2089 Episcopi,
841 2022 883 2067 ex
914 2005 1009 2088 parte
1046 1998 1206 2081 ¹Boreali‚
1239 2003 1274 2065 et
1306 1998 1348 2064 ad
1379 1997 1470 2063 aliud

422 2111 440 2140 “
464 2109 562 2191 eaput
596 2125 693 2190 super
723 2101 886 2170 venellam
924 2103 1098 2168 ducentem
1135 2123 1155 2168 a
1192 2101 1283 2168 diota
1319 2099 1401 2166 villa
1430 2099 1471 2166 de

422 2214 440 2243 “
462 2205 585 2272 Sancto
614 2205 746 2271 Albano
768 2225 882 2270 verens
905 2203 1098 2284 Smalforde,
1125 2225 1168 2270 ex
1198 2209 1292 2291 parte
1314 2201 1471 2268 Australi

423 2313 443 2345 “
465 2308 562 2374 Alius
593 2307 725 2388 oroftus,
757 2305 929 2374 continens
965 2326 1023 2394 per
1055 2306 1308 2373 aestimationem
1346 2311 1471 2393 septem

423 2416 441 2446 “
463 2432 554 2476 aeras
587 2414 693 2488 terrae,
720 2409 812 2496 jacet
844 2408 968 2475 ibidem
1000 2409 1089 2474 inter
1119 2408 1241 2497 regiam
1276 2407 1364 2473 viam
1387 2429 1473 2494 pree·

424 2518 442 2547 “
464 2510 587 2578 dietam
611 2511 785 2578 dueentem
806 2531 920 2576 versus
944 2509 1101 2576 Hatielde
1123 2510 1284 2600 Episcopi,
1316 2529 1358 2574 ex
1379 2514 1473 2596 parte

422 2622 441 2650 ‘¹
463 2613 622 2692 Australi,
644 2617 679 2679 et
701 2617 823 2678 terram
853 2612 1016 2678 dictorum
1040 2611 1184 2678 Abbatis
1214 2619 1249 2678 et
1271 2611 1473 2690 Conventus,

425 2722 444 2752 “
466 2717 685 2803 pertinentem
709 2715 855 2780 manerio
878 2715 920 2780 de
942 2713 1111 2795 Nevvlane,
1127 2736 1170 2781 ex
1192 2719 1286 2802 parte
1302 2711 1474 2792 1Boreali;

425 2823 501 2884 “et
532 2822 632 2905 caput
660 2815 871 2882 Oeoidentale
905 2817 982 2883 inde
1016 2818 1152 2884 abuttat
1184 2839 1282 2904 super
1318 2837 1471 2903 eampum

425 2927 444 2958 “
467 2920 671 3008 praedictum,
714 2924 867 2985 vocatum
916 2919 980 2984 ‘Le
1017 2918 1251 3006 Comynfelde'
1294 2941 1336 2986 ex
1379 2923 1474 3007 perte

426 3029 445 3060 ‘⁶
468 3044 551 3112 ana,
575 3029 739 3110 caputque
777 3021 944 3087 Orientale
981 3021 1115 3087 abuttat
1152 3043 1249 3109 super
1279 3021 1473 3110 Gylegrove,

425 3131 444 3160 “
467 3145 510 3190 ex
532 3124 636 3190 altera
658 3130 759 3211 parte.
805 3123 936 3189 Tertius
957 3144 1036 3189 vero
1058 3124 1180 3190 oroftus
1201 3124 1288 3202 inde,
1302 3123 1474 3190 continens

425 3233 525 3314 “per
555 3226 808 3292 aestimationem
842 3229 968 3313 septem
1002 3246 1094 3292 aeras
1131 3231 1238 3306 terrae,
1266 3224 1357 3312 jaoet
1385 3226 1475 3290 inter

426 3336 444 3362 ‘⁴
466 3327 556 3392 viam
590 3327 713 3415 regiam
747 3327 921 3392 dueentem
953 3349 974 3392 a
1003 3327 1085 3394 villa
1118 3328 1158 3393 de
1192 3327 1314 3395 Sancto
1342 3327 1476 3392 Albano

424 3435 443 3466 “
465 3429 624 3516 predicta
646 3449 757 3494 versus
779 3428 917 3505 Lutone‚
933 3449 976 3494 ex
996 3434 1090 3516 parte
1113 3428 1271 3509 ¹Boreali,
1295 3433 1330 3496 et
1351 3433 1475 3496 terram

426 3537 444 3566 ‘¹
468 3530 630 3596 dictorum
651 3529 793 3596 Abbatis
818 3537 852 3596 et
875 3528 1076 3608 Conventus,
1092 3531 1313 3618 pertinentem
1329 3532 1475 3598 manerio

426 3641 444 3668 “
467 3631 508 3698 de
531 3631 790 3710 Baoehevvorthe,
814 3653 857 3698 ex
879 3632 1030 3720 partibus
1063 3634 1220 3716 Australi,
1244 3635 1416 3714 Orientali,
1439 3639 1476 3700 et

425 3740 443 3769 “
466 3733 678 3801 Oooidenteli
733 3733 881 3817 Quartus
915 3736 1030 3823 utique
1063 3737 1193 3818 orottus,
1216 3738 1387 3804 continens
1417 3759 1476 3826 per

425 3843 444 3872 “
466 3836 719 3904 estimationem
742 3839 888 3925 quinque
910 3859 1001 3904 aeras
1022 3843 1127 3918 terrae,
1138 3839 1228 3926 jeeet
1249 3838 1339 3906 inter
1352 3839 1475 3929 regiam

426 3947 444 3973 “
464 3939 555 4006 viam
585 3939 786 4026 praedictam,
823 3940 997 4008 dueentem
1028 3963 1048 4006 a
1075 3941 1204 4008 Lutone
1237 3941 1404 4030 praediota,
1433 3964 1476 4009 ex

425 4048 443 4079 ‘⁴
464 4045 559 4129 parte
581 4042 744 4122 Australi,
767 4048 801 4108 et
823 4048 946 4109 terram
969 4044 1118 4109 netivam
1145 4043 1308 4111 dictorum
1331 4044 1475 4110 Abbatis

425 4149 499 4210 “et
533 4143 733 4223 Conventus,
767 4145 989 4232 pertinentem
1023 4145 1168 4213 manerio
1200 4147 1242 4212 de
1273 4146 1477 4235 Sandrugge,

425 4255 442 4283 “
464 4267 508 4311 ex
529 4245 678 4334 partibus
695 4246 864 4329 Orientali,
879 4246 1039 4328 1Boreali,
1055 4253 1091 4314 et
1112 4247 1324 4315 Occidentali.
1370 4249 1476 4331 Quin-

426 4355 443 4381 “
464 4369 529 4434 que
566 4347 671 4416 ’eorm
706 4353 803 4414 terne
839 4349 917 4416 inde
953 4348 1089 4416 insimul
1114 4349 1227 4436 jaoent
1265 4335 1302 4417 in
1333 4351 1475 4440 quodam

461 4669 692 4726 manentis.
973 4675 1096 4728 novara

459 4751 564 4803 ²Jarra
580 4750 662 4802 villam
681 4751 769 4803 Sancti
782 4751 927 4812 Albanir-
1008 4754 1103 4806 ³oeroa
1113 4755 1140 4806 in
1151 4757 1208 4808 MS.

426 4831 554 4896 Marginal
578 4831 653 4894 Note,
671 4833 706 4898 by
722 4833 790 4884 Lord
812 4833 926 4885 william
