3588 5838
473 857 648 910 sommus
668 857 955 909 wnmsmsrnnn
976 857 1154 910 securum.
1291 844 1352 908 31¹

288 1051 307 1079 “
330 1053 339 1080 ‘
354 1045 484 1111 minum
506 1050 541 1111 eb
556 1045 743 1112 tenentium
758 1067 901 1127 suorum,
917 1049 988 1112 tam
1002 1043 1220 1112 residentium
1235 1063 1335 1130 quam
1348 1061 1415 1112 An.
1430 1062 1501 1114 1448.

286 1154 304 1184 ‘⁴
328 1153 423 1214 ‘non
450 1148 675 1228 residentium,
701 1169 739 1216 ao
768 1149 907 1216 aliorum
936 1149 1151 1215 residentium
1182 1167 1336 1234 quorum-
1535 1157 1537 1162 ’

287 1260 307 1287 “
331 1257 492 1339 ‘cunque
514 1252 603 1317 infra
628 1253 683 1318 vel
712 1271 811 1339 super
840 1251 973 1339 singula
1001 1257 1113 1332 berrae,
1138 1255 1337 1329 tenemento,

286 1361 305 1390 ‘⁴
330 1355 408 1421 ‘vel
429 1355 532 1434 feoda,
557 1356 736 1420 eorundem
757 1353 902 1421 Abbatis
923 1361 958 1420 eb
981 1353 1185 1432 Conventus,
1209 1357 1244 1419 eb
1267 1373 1339 1418 suo-

288 1460 309 1492 “
331 1462 518 1524 ‘sessorum
541 1479 684 1538 suorum,
710 1456 960 1544 ¹ublagaborum
990 1479 1050 1544 pro
1079 1456 1277 1544 proditione,
1292 1455 1340 1520 fe-

289 1567 308 1594 “
332 1560 454 1642 ‘Ionia
478 1563 680 1648 oonbempbu,
703 1560 971 1648 transgressione,
1005 1559 1119 1625 debito
1150 1557 1339 1645 composito,

281 1660 308 1698 '“
330 1663 407 1729 ‘vel
437 1663 504 1728 elia
528 1665 694 1730 oemsione
724 1685 925 1750 quacunque,
958 1662 1001 1728 ad
1031 1668 1155 1728 sectam
1185 1666 1340 1738 nostram,

290 1770 310 1802 “
332 1766 409 1831 ‘vel
431 1765 600 1832 haeredum
622 1771 819 1848 nostrorum,
843 1767 898 1831 vel
919 1765 964 1832 ad
994 1771 1117 1832 saetam
1147 1764 1274 1852 partis;
1304 1785 1342 1828 ao

291 1874 309 1902 “
332 1868 459 1934 ‘etiam
482 1868 671 1934 omnimoda
693 1868 780 1934 bone
802 1874 838 1936 eb
860 1867 979 1934 catalla
998 1869 1148 1934 omnium
1170 1867 1343 1932 hominum

291 1976 309 2004 “
324 1977 340 2036 .‘
355 1975 391 2055 eb
412 1970 601 2036 tenentium
630 1991 774 2054 suorum,
798 1975 869 2037 bam
899 1970 1115 2037 residentium
1145 1990 1245 2057 quem
1275 1989 1344 2033 non

294 2079 312 2107 ‘⁴
335 2073 584 2152 ‘residentium
608 2079 644 2140 eb
666 2075 816 2140 omnium
845 2074 985 2139 aliorum
1011 2073 1227 2139 residentium
1257 2069 1345 2134 infra

292 2180 311 2208 “
334 2175 412 2241 ‘vel
434 2197 531 2263 super
551 2175 683 2263 singula
704 2182 818 2255 terres,
840 2181 1038 2254 tenemento,
1055 2197 1113 2241 seu
1134 2175 1239 2256 feoda,
1262 2195 1345 2262 prae-

293 2282 311 2312 “
334 2279 455 2355 ‘diota
478 2275 649 2345 'selorum
672 2279 713 2345 de
735 2279 857 2367 seipsis,
881 2283 916 2346 eb
936 2279 1075 2344 aliorum
1098 2278 1244 2344 felonum
1266 2297 1346 2363 quo·

294 2387 311 2416 “
334 2389 569 2469 ‘rumounque
584 2381 811 2469 fugitivorum,
827 2387 863 2448 eb
885 2379 1162 2463 ³damnaborum3
1184 2402 1222 2447 ao
1236 2378 1347 2446 omnia

200 2527 204 2534 ·
294 2492 313 2520 “
334 2484 446 2550 ‘bona
483 2490 518 2551 eb
555 2485 676 2550 estella
708 2484 856 2551 omnium
889 2483 1079 2570 hujusmodi
1110 2483 1283 2548 hominum
1312 2486 1347 2548 eb

294 2593 314 2622 “
337 2587 556 2666 ‘tenentium
578 2587 794 2654 residentium
815 2593 850 2654 et
872 2609 940 2654 non
962 2587 1185 2668 residentium,
1208 2609 1247 2653 eo
1267 2586 1347 2652 elio-

297 2697 314 2726 “
339 2697 436 2754 ‘rum
458 2689 649 2776 hujusmodi
676 2691 892 2756 residentium
922 2711 1200 2776 quorumeunque,
1231 2687 1347 2755 confis-

295 2798 314 2826 “
339 2796 457 2873 ‘oabe;
487 2791 538 2858 iba
560 2791 658 2879 quod,
682 2793 710 2858 si
740 2792 860 2878 aliquis
885 2791 1075 2876 hujusmodi
1099 2791 1271 2858 hominum
1292 2789 1348 2855 vel

297 2902 315 2929 ‘¹
338 2893 559 2974 ‘tenentium
584 2899 655 2961 tam
677 2894 892 2960 residentium
915 2916 1015 2980 quam
1036 2916 1105 2959 non
1126 2893 1349 2972 residentium,

298 3002 316 3030 “
337 3001 420 3061 ‘aut
446 2997 586 3062 eliorum
608 2996 823 3063 residentium
853 2997 1093 3083 praedictorum,
1116 3018 1176 3083 pro
1206 3017 1350 3082 quaeun-

297 3104 315 3134 “
339 3107 426 3185 ‘qne
447 3099 577 3178 felonia,
592 3100 647 3166 vel
669 3121 729 3187 pro
750 3100 817 3164 alia
845 3099 1011 3165 oooasione
1028 3120 1231 3186 quacunque,
1245 3098 1351 3164 vibam

299 3209 317 3236 “
339 3201 417 3267 ‘vel
438 3201 622 3268 membrum
644 3202 798 3268 amittere
815 3200 943 3284 debeat,
958 3201 1012 3268 vel
1026 3202 1157 3289 fugerit,
1173 3206 1208 3268 eb
1225 3200 1352 3288 judicio

299 3308 316 3336 “
339 3307 450 3368 ‘stare
485 3303 642 3382 uoluerit,
671 3303 741 3369 sive
775 3303 946 3390 utlagatus
983 3305 1093 3384 fuerit,
1124 3315 1184 3371 aut
1219 3302 1352 3390 aliquod

300 3412 317 3439 “
340 3404 454 3470 ‘aliud
483 3405 640 3471 deliobum
670 3405 726 3470 vel
751 3405 964 3486 forisfactum,
996 3408 1066 3472 sive
1096 3407 1221 3494 aliquid
1250 3405 1351 3484 eliud,

300 3512 317 3542 “
341 3507 485 3585 ‘feeerib
509 3529 569 3594 pro
592 3528 658 3593 quo
679 3507 768 3574 bona
790 3514 825 3574 eb
847 3507 966 3573 eoballa
987 3530 1048 3574 sua
1070 3509 1205 3595 perdere
1224 3508 1351 3586 debeat,

299 3617 317 3646 “
339 3609 551 3695 ‘ubiermque
578 3609 713 3695 justitio
735 3609 814 3675 inde
836 3611 910 3676 fieri
934 3610 1063 3691 debeat,
1085 3612 1155 3677 sive
1177 3610 1224 3676 sib
1245 3631 1352 3676 coram

300 3719 318 3746 “
340 3711 468 3791 ‘nobis
491 3712 547 3778 vel
569 3711 756 3778 haeredibus
778 3713 910 3791 nostris,
933 3713 958 3778 J
959 3713 1137 3779 usbioisriis
1155 3713 1283 3792 nostris,
1299 3712 1353 3778 vel

301 3821 317 3848 “
341 3813 533 3880 ‘haeredum
554 3820 753 3894 nostrorum,
786 3814 829 3880 ad
865 3814 989 3902 placita
1023 3837 1131 3882 eoram
1165 3816 1268 3894 nobie,
1300 3815 1354 3880 vel

301 3924 318 3950 “
341 3916 549 3983 ‘haeredibus
563 3916 694 3996 nostris,
706 3916 853 3982 tenenda
866 3917 1080 4005 assignandis,
1096 3917 1121 3984 J
1122 3917 1298 3984 nenorosus
1314 3917 1354 3982 de

300 4025 318 4052 “
340 4026 429 4084 ‘uno
451 4018 564 4085 Banoo
578 4019 633 4084 vel
649 4019 690 4085 de
705 4019 817 4098 altero,
840 4041 950 4086 eoram
972 4021 1077 4100 nobis,
1093 4021 1149 4086 vel
1169 4019 1355 4086 haeredibus

301 4127 320 4156 “
343 4127 351 4155 ‘
365 4121 495 4202 nostris,
507 4122 545 4186 in
554 4119 758 4188 Oanoellaria
771 4127 894 4203 nostra,
906 4123 962 4188 vel
976 4122 1145 4190 haeredum
1159 4127 1355 4203 umbrorum,

301 4230 319 4258 “
343 4229 425 4289 ‘aut
454 4245 565 4290 eoram
588 4224 805 4292 Thesauros-io
834 4228 870 4290 eb
899 4224 1085 4292 Beronibus
1117 4225 1159 4290 de
1190 4224 1355 4291 Soaooario

303 4333 321 4364 “
344 4332 353 4360 ‘
366 4331 489 4406 nostro,
506 4327 562 4393 vel
577 4327 748 4395 haeredum
764 4332 959 4409 nostrorum,
976 4351 1034 4396 seu
1048 4349 1157 4396 eoram
1172 4328 1356 4396 Beronibus

302 4435 320 4465 ‘⁸
343 4429 409 4496 ‘de
446 4428 615 4496 Soaoeario
645 4436 769 4513 nosbro,
796 4431 851 4498 vel
880 4432 1049 4498 haeredum
1076 4436 1272 4511 nostrorum,
1302 4433 1358 4499 vel

337 4625 428 4678 ιΝοιιι
444 4626 474 4678 de
492 4625 560 4678 bonis
576 4627 740 4694 myreorum
757 4647 805 4695 pro
883 4629 975 4682 ’Nota
992 4630 1022 4682 de
1039 4629 1107 4681 bonis
1119 4631 1238 4696 fellonem
1254 4631 1284 4684 de
1295 4635 1357 4699 reip·

299 4706 444 4772 proditione,
457 4703 723 4776 felonia-Marginal
740 4711 806 4764 Note
852 4711 1058 4776 sia-Margiusl
1068 4711 1135 4762 Note
1145 4711 1173 4761 in
1183 4713 1241 4765 ΜΕ.

303 4787 331 4836 in
344 4787 400 4838 MS.
888 4789 1199 4857 Mampsaoraoums.
