3582 5838
435 891 500 955 130
768 901 965 952 eremmon
987 899 1144 950 aemma

267 1093 421 1148 1111454.
435 1091 452 1120 “
474 1085 616 1152 claustro
637 1089 782 1164 steteras,
798 1089 833 1152 et
855 1106 923 1152 non
943 1087 1088 1153 maltum
1117 1085 1207 1152 ultra
1229 1095 1296 1152 tres
1318 1083 1373 1152 vel
1392 1105 1473 1170 qua·

434 1197 452 1226 ‘¹
472 1191 549 1253 tuor
569 1209 672 1256 annos
694 1189 731 1254 in
753 1189 910 1276 religione
931 1187 1126 1276 possidebas,
1141 1187 1352 1254 ¹abundabas
1375 1208 1474 1273 supra

434 1298 452 1326 “
473 1294 607 1357 coeteros
635 1296 711 1357 tuoe
740 1295 929 1369 coaetaneos,
952 1291 1072 1378 quibus
1101 1293 1246 1358 nescitur
1270 1289 1397 1366 mediis,
1419 1310 1477 1376 per

435 1401 454 1428 “
474 1392 618 1460 multum
635 1395 672 1458 in
693 1395 861 1482 pecuniis3
885 1415 1003 1480 easque
1025 1393 1200 1472 interdum,
1217 1398 1318 1480 prout
1338 1391 1480 1458 habetur

436 1501 454 1530 “
476 1500 591 1562 contra
627 1501 662 1562 te
694 1496 857 1563 sufficiens
891 1495 1129 1580 testimonium,
1162 1497 1205 1563 ad
1241 1497 1479 1562 incrementum

435 1603 464 1664 “.
476 1599 660 1665 usurarium
683 1597 980 1668 *accommodarem

480 1711 497 1737 “
512 1701 797 1789 Secundo—quia
828 1704 906 1768 dum
930 1725 951 1768 a
974 1703 1117 1768 claustro
1147 1705 1274 1769 tractus
1302 1701 1420 1782 fueras,
1444 1703 1479 1766 et

357 1813 363 1826 '
434 1811 451 1837 “
473 1803 516 1869 ad
538 1801 698 1870 ³Scholes
722 1805 856 1890 positus,
872 1803 1027 1870 studebas
1051 1805 1174 1870 ibidem
1200 1825 1407 1890 nequaquam
1436 1801 1479 1867 ad

435 1913 453 1940 “
475 1905 663 1991 augendum
688 1907 867 1985 seientiam,
890 1912 991 1994 prout
1013 1905 1161 1972 referunt
1189 1906 1239 1971 illi
1261 1905 1320 1992 qui
1349 1905 1391 1972 de
1420 1910 1479 1970 tuo

434 2015 451 2042 “
472 2006 631 2094 regimine
649 2007 819 2074 habebant
832 2009 990 2075 notitiam
1012 2009 1202 2089 meliorem;
1223 2009 1349 2074 ‘immo
1363 2006 1478 2094 magis,

434 2118 452 2145 “
473 2110 516 2174 ad
539 2109 775 2176 cumulandum
797 2111 959 2198 pecunias,
974 2110 1018 2176 ad
1040 2111 1320 2198 exercendumque
1343 2109 1431 2176 facta
1444 2115 1479 2174 et

434 2219 452 2246 “
472 2217 570 2299 pacta
591 2210 766 2300 prohibite
788 2212 1006 2280 eluctationis

478 2314 622 2380 “Tertio
645 2315 857 2402 vero-quia
887 2338 907 2381 a
937 2313 1087 2382 ‘Scholis
1116 2319 1295 2392 revocatus,
1319 2314 1398 2380 dum
1427 2334 1477 2379 as-

432 2425 450 2452 “
472 2421 625 2504 sumptus
656 2417 764 2484 fireras
795 2418 838 2484 ad
870 2417 975 2484 officia
1006 2417 1148 2505 publicae
1174 2417 1478 2493 administrationis,

432 2529 450 2556 “
470 2540 680 2606 nequaquam
714 2521 761 2588 sic
797 2521 834 2585 in
866 2521 948 2608 ipsis
984 2521 1239 2597 ministraveras,
1276 2525 1317 2588 ut
1353 2520 1478 2586 bonum

430 2631 448 2658 “
470 2645 648 2702 commune,
672 2623 772 2709 juxta
801 2623 983 2690 doctrinam
1010 2623 1203 2712 philosophi,
1230 2624 1317 2690 bono
1346 2624 1478 2710 privato

432 2730 450 2760 “
471 2747 699 2812 praeponcrea3
720 2725 845 2792 ‘immo
874 2728 980 2815 magis
1005 2728 1177 2809 contrario,
1201 2725 1478 2812 quemadmodum

432 2837 450 2864 “
472 2827 596 2894 dicitur
617 2827 741 2894 nedum
762 2851 784 2894 a
813 2829 880 2895 tuis
906 2828 1072 2908 iratribus,
1095 2829 1278 2916 quinetiam
1307 2851 1328 2894 a
1356 2829 1478 2893 nostris

431 2938 449 2964 “
470 2931 698 3010 familiaribus,
714 2953 734 2996 a
748 2935 885 3018 totoque
899 2932 1020 3019 populo
1034 2931 1213 2998 convicino.
1252 2929 1349 3008 Nam,
1360 2933 1400 2996 ut
1413 2929 1479 3016 ipsi

429 3033 674 3100 “concorditer
703 3031 968 3121 “colloquuntur
996 3039 1031 3100 et
1063 3033 1327 3122 ⁷proloquuntur
1356 3053 1477 3111 omnes,

430 3143 448 3169 “
470 3136 566 3202 nulle
588 3136 656 3202 fuit
678 3138 746 3206 tuis
768 3139 804 3203 in
826 3137 1030 3226 temporibus
1043 3143 1103 3203 aut
1124 3138 1296 3204 hoscorum
1318 3137 1477 3216 venditio,

430 3246 447 3273 “
469 3244 529 3305 aut
551 3241 739 3306 nativorum
762 3241 983 3320 manumissio,
1007 3241 1172 3329 emptiove
1202 3262 1386 3327 granorum,
1418 3248 1479 3306 aut

429 3348 447 3373 “
469 3334 581 3426 aliqua
612 3341 679 3406 alie
709 3343 819 3429 pactio
842 3343 987 3430 mandis,
1018 3365 1077 3410 seu
1108 3345 1292 3422 conventio,
1323 3343 1406 3430 quin
1438 3348 1477 3409 tu

429 3449 447 3476 “
467 3441 504 3506 in
527 3443 617 3508 lucro
639 3464 768 3532 semper
788 3446 950 3533 particeps
967 3447 1084 3524 fueras,
1100 3467 1292 3534 semperque
1313 3447 1419 3534 magis
1440 3467 1478 3512 ac

428 3550 446 3577 “
467 3544 574 3632 magis
595 3546 660 3612 tibi
681 3547 718 3611 in
739 3548 904 3635 peculium
927 3549 1187 3622 concumulabes.

472 3645 643 3735 “Propter
664 3649 723 3716 has
745 3650 861 3738 utique
883 3673 1006 3731 causas,
1031 3657 1230 3741 propterque
1251 3653 1334 3720 alias
1359 3653 1476 3734 varias,

427 3754 446 3782 “
469 3751 624 3834 questui
646 3751 778 3818 honoris
801 3753 930 3820 intuitu
955 3755 998 3821 ad
1022 3777 1165 3843 praesens
1186 3777 1256 3822 non
1285 3756 1477 3845 detegimus,

296 3856 302 3868 '
346 3875 365 3940 ¹¹.
428 3857 446 3886 “
467 3857 631 3939 cogrmtur
660 3854 780 3922 finires
808 3878 928 3938 omnes,
949 3857 1097 3946 cogimur
1125 3858 1226 3925 etiam
1256 3862 1291 3925 et
1319 3880 1380 3925 nos
1409 3881 1477 3924 una

408 3955 446 3988 '“
467 3975 542 4019 cum
561 3955 650 4043 ipsis,
673 3957 811 4040 eredere,
835 3957 1023 4048 ⁸conjioere‚
1045 3965 1080 4028 et
1101 3961 1301 4044 concludere,
1325 3963 1414 4049 quod
1437 3968 1476 4028 tu
1531 4043 1536 4054 ἱ

428 4061 446 4092 “
468 4037 638 4126 ⁹abundds
667 4060 703 4126 in
732 4061 878 4149 pecuniis
899 4064 997 4151 longe
1026 4065 1168 4152 amplius
1198 4087 1297 4152 quam
1323 4065 1478 4132 scribitur

426 4162 446 4192 ‘¹
467 4159 503 4224 in
524 4162 707 4247 praemiseis.
749 4165 843 4231 Affer
864 4167 967 4252 igitur
989 4167 1064 4233 illas
1084 4167 1120 4233 in
1144 4167 1296 4249 medium,
1319 4167 1373 4234 vel
1395 4169 1477 4234 scias

427 4267 444 4295 “
465 4283 525 4329 nos
547 4264 630 4331 velle
652 4267 824 4352 procedere
845 4275 961 4335 contra
982 4275 1025 4349 te,
1041 4291 1107 4336 non
1129 4270 1225 4337 aliter
1245 4275 1358 4338 tamen
1376 4293 1476 4358 quam

1009 4609 1223 4676 ⁷proloeanurin
1234 4613 1290 4666 MS.

1009 4691 1243 4747 'waremiam

1009 4770 1196 4824 ⁹tabuadarin
1208 4773 1264 4826 MS.
