3640 5842
519 900 692 953 ronanurs
714 902 1000 954 wnmmnsrnou
1021 903 1198 956 secusne.
1311 890 1375 956 369

333 1092 350 1118 “
373 1087 509 1154 aemulos
538 1095 664 1156 stamus
692 1090 781 1178 apud
805 1089 943 1178 Regiam
966 1089 1203 1156 Celsitudinem
1224 1087 1378 1174 nequiter
1389 1097 1458 1151 Al).
1471 1105 1543 1151 uso.

333 1193 350 1222 ‘¹
372 1189 523 1256 accusati.
553 1189 644 1258 ¹Sed
658 1192 737 1279 quia
758 1192 907 1258 nondum
922 1193 1016 1258 venit
1031 1191 1217 1260 declarandi
1239 1195 1377 1277 tempus,

333 1297 351 1323 “
372 1292 516 1372 tandem,
539 1294 654 1360 divina
675 1295 856 1384 inspirante
877 1295 1040 1383 gratia,—

377 1422 396 1452 “
418 1415 572 1484 ‘1²Grata
594 1419 813 1507 superveniet,
837 1439 911 1506 quae
933 1441 1000 1486 non
1022 1419 1217 1506 sperabitur,
1238 1418 1338 1484 hora'
1350 1417 1368 1444 ''

376 1553 422 1619 Et
455 1554 520 1622 hiis
541 1555 647 1637 dictis,
670 1557 884 1645 reassumpsit
916 1557 1038 1624 iterum
1073 1556 1236 1624 Dominus
1259 1556 1547 1628 comaclense

333 1652 508 1744 Warwyci,
536 1659 624 1745 quod
661 1659 753 1748 prius
785 1681 806 1726 a
840 1659 929 1748 Rege
966 1659 1092 1739 habuit,
1124 1665 1194 1725 tam
1230 1659 1375 1746 regimen
1387 1643 1516 1762 ffiffik

331 1757 429 1838 villae,
445 1780 544 1847 quam
565 1762 666 1828 etiam
688 1761 848 1850 aequoris;
869 1761 907 1827 in
928 1767 1076 1848 utroque,
1098 1765 1133 1828 et
1155 1761 1317 1849 praecipue
1338 1762 1430 1830 inae
1467 1791 1530 1856 ¹ver-

332 1881 469 1947 aequore,
492 1861 728 1930 humanissimo
761 1863 1051 1950 strenuissimeque
1081 1865 1178 1942 modo
1211 1885 1245 1930 se
1278 1863 1372 1930 rexit
1387 1843 1545 1962 ¹5ngss

332 1961 419 2028 Nam
435 1964 563 2031 vicibus
585 1967 686 2032 variis
709 1966 751 2033 de
773 1966 902 2045 coracis,
924 1965 1039 2045 hiulcis,
1061 1971 1097 2032 et
1118 1963 1318 2044 ⁸liburnicis,
1333 1965 1430 2030 dethe
1443 1949 1511 2027 coir-

332 2064 468 2154 aliisque
493 2067 674 2156 grandibus
696 2069 837 2136 navibus
865 2069 975 2148 uariis,
997 2068 1170 2136 victoriam
1191 2068 1376 2147 ‘obtinens
1388 2045 1463 2161 {2¹¹³
1475 2050 1501 2094 ⁸⁸

332 2189 393 2248 eas,
410 2191 485 2236 cum
506 2171 674 2238 immensis
695 2172 880 2259 praedarum
903 2171 1015 2259 spoliis
1032 2177 1067 2238 et
1081 2171 1254 2252 manubiis,
1275 2193 1377 2258 nsque

332 2269 473 2337 Calisins
494 2294 602 2339 secum
632 2274 740 2352 duxit,
762 2274 800 2339 in
821 2295 889 2338 non
918 2272 1087 2353 modicam,
1109 2274 1374 2341 refocillationem

331 2372 453 2439 nedum
484 2375 712 2457 Dominorum,
742 2376 831 2441 infra
852 2375 967 2442 villam
997 2374 1249 2464 hospitantium,
1280 2377 1506 2463 quin-nume

332 2475 431 2541 ctiam
453 2483 645 2544 cunctorum
676 2477 965 2566 stipendiariorum
998 2484 1130 2545 aratro
1162 2456 1509 2568 armentiumffl‘

331 2598 390 2663 pro
412 2579 586 2667 stipendiis
607 2580 683 2647 suis

376 2680 555 2748 Dominum
585 2683 685 2750 etiam
708 2682 886 2748 Ricardum
908 2680 1108 2769 Wodewyle,
1130 2683 1310 2750 Dominum
1337 2682 1500 2760 defleas

332 2779 487 2868 Ryverse‚
517 2785 714 2873 deputatum
743 2806 802 2872 per
827 2783 1007 2850 Dominum
1041 2785 1165 2873 Regem
1194 2785 1238 2851 ad
1270 2761 1546 2893 custo-ffiffi

332 2884 421 2950 diam
455 2887 603 2974 aequoris,
634 2909 677 2954 ne
710 2887 837 2974 aliquid
873 2886 1089 2966 recreationis,
1122 2886 1376 2968 refocillationis,
1389 2895 1430 2944 his
1441 2909 1490 2971 ιοιιΙ
1498 2900 1525 2944 at

332 2987 401 3054 sive
430 2989 650 3069 massona,
673 2991 716 3056 aa
748 2991 852 3056 eicos
874 2988 1033 3055 nominos
1064 2989 1106 3054 aa
1129 2989 1252 3077 lngus
1281 2989 1378 3055 seve·
1391 2961 1531 3014 sama.

332 3089 429 3170 niret,
445 3091 611 3178 jacentem
641 3092 730 3180 apud
753 3091 969 3178 Sandewyoh,
992 3095 1286 3178 expectantemque
1314 3091 1379 3157 ibi·

333 3191 407 3258 dem
429 3199 567 3260 ventum
590 3215 650 3282 pro
671 3200 751 3260 voto
773 3215 962 3282 congruum,
982 3193 1068 3280 cepit
1090 3191 1223 3272 ibidem,
1238 3214 1380 3282 pausan-

332 3299 400 3360 tem
423 3295 460 3360 in
483 3318 578 3363 mane
599 3297 637 3361 in
658 3318 717 3363 suo
738 3295 868 3372 lectulo,
892 3317 960 3361 una
985 3316 1060 3361 cum
1074 3295 1230 3374 Antonia,
1253 3295 1380 3362 seniore

332 3418 391 3462 suo
421 3397 509 3479 filio,
546 3398 709 3486 duxitque
740 3419 848 3465 secum
881 3417 985 3484 usque
1016 3396 1165 3476 Calisius,
1198 3397 1310 3484 ibique
1343 3398 1380 3463 in

333 3497 424 3564 salva
446 3501 597 3567 custodia
618 3501 776 3568 custodiri
798 3500 882 3568 fecit
929 3499 1109 3566 Dominum
1131 3501 1265 3587 insuper
1287 3499 1380 3567 Han·
1393 3508 1508 3572 Compos

332 3601 436 3666 uicum
464 3600 609 3682 Holond,
632 3604 756 3670 Duoem
780 3601 928 3681 Exoniae,
952 3602 1148 3689 deputatum
1179 3599 1290 3690 itaque
1321 3625 1380 3690 per
1391 3575 1522 3692 ἓξὲξ

333 3701 511 3770 Dominum
534 3705 658 3792 Regem
681 3705 724 3770 ad
753 3704 1003 3771 custodiendum
1024 3726 1122 3782 mare,
1145 3727 1184 3771 ao
1206 3705 1306 3771 etiam
1335 3704 1526 3824 adzqtpketo

333 3806 567 3892 captivandum
590 3829 676 3888 eum,
697 3807 733 3885 si,
757 3807 890 3873 fortuna
911 3806 1053 3885 favente,
1076 3811 1185 3893 posset
1210 3807 1379 3874 fortiorem
1409 3781 1473 3840 Ἣ

334 3909 374 3974 de
397 3929 435 3975 eo
456 3931 593 3975 manum
615 3908 745 3988 habere,
766 3908 882 3996 coegit,
896 3930 971 3975 cnm
993 3909 1109 3996 majori
1132 3908 1297 3976 celeritate
1315 3865 1488 3995 quadsildl,

334 4010 450 4093 valuit,
485 4011 671 4099 relinquere
707 4031 806 4091 mare,
844 4016 1040 4098 portumque
1076 4016 1223 4098 repetere
1258 4033 1279 4076 a
1315 3997 1478 4114 quofflffle

333 4113 446 4180 exivit
493 4115 673 4181 Dominum
695 4114 808 4201 itaque
830 4113 990 4180 Jacobum
1023 4111 1063 4179 de
1084 4112 1243 4200 Audeley,
1266 4079 1515 4208 Domi-primuli,

334 4235 414 4280 num
452 4215 493 4282 de
522 4215 683 4304 Audeley,
713 4216 910 4303 deputatum
947 4236 1005 4302 per
1036 4215 1218 4282 Dominum
1247 4215 1379 4302 Regem,
1392 4196 1471 4247 Μ’

1393 4268 1497 4326 attempt
1507 4267 1534 4312 to

334 4337 400 4382 unu
423 4337 498 4383 cum
513 4317 693 4384 Hunifrido
715 4317 890 4398 Stafforde,
904 4317 1085 4403 Armigero,
1101 4316 1144 4382 od
1165 4315 1380 4404 gradiendum
1392 4329 1484 4379 reum
1494 4328 1538 4378 the

334 4419 377 4484 ad
399 4425 542 4486 castrum
565 4441 660 4486 suum
685 4419 726 4486 de
748 4420 875 4506 Gynys,
898 4419 934 4484 in
956 4440 1143 4486 succursum
1166 4424 1201 4486 et
1219 4417 1379 4485 auxilium
1392 4393 1527 4522 fflffig

335 4520 469 4587 Domini
485 4521 623 4588 Henrioi
640 4521 834 4600 Beauforde,
848 4521 950 4588 Ducis
973 4521 1014 4587 de
1028 4521 1221 4603 Someroete,
1239 4521 1381 4609 jacentis
1393 4536 1420 4580 sc
1431 4529 1542 4594 Garum.

368 4751 375 4783 ¹
389 4751 434 4801 Set
444 4751 470 4802 in
482 4751 538 4805 MS.
916 4749 1048 4802 ’umus
1057 4751 1084 4802 in
1095 4753 1151 4805 ΜΒ.

367 4828 593 4898 Ἠοηοο,1ἰρι“εΐ,
605 4829 672 4884 ων.
687 4835 725 4880 1⁴.
854 4753 861 4898 l
914 4831 924 4863 ⁴
935 4833 1043 4898 optim
1052 4832 1080 4882 iu
1091 4832 1148 4886 MS.

1179 4943 1247 4993 ΑΔ
