3582 5838
443 863 508 926 180
774 876 973 928 snorsmun
994 875 1150 926 mmmm

277 1068 461 1139 s.c.1ss.“
484 1067 541 1141 est,
573 1067 607 1128 et
636 1061 816 1149 tranquilla
848 1062 949 1148 quies,
979 1063 1101 1150 absque
1137 1061 1378 1149 inquietatione
1414 1057 1490 1123 ulla.

446 1163 568 1243 “Quis
602 1165 703 1229 etiam
731 1164 937 1251 jamdudum,
974 1163 1011 1228 in
1046 1164 1147 1250 Regis
1179 1164 1330 1240 infantia,
1361 1159 1495 1248 fugavit

447 1265 610 1331 “Ducem
641 1265 843 1354 Burgundiae
873 1266 914 1332 de
934 1264 1112 1346 ,Pikardia
1136 1265 1201 1331 nisi
1231 1265 1312 1330 Dux
1341 1264 1492 1330 Glonoes·

447 1373 464 1402 ‘⁶
487 1367 585 1433 triae?
617 1367 700 1447 Quis
725 1368 762 1432 in
785 1391 844 1434 sua
873 1367 1017 1455 pueritia
1038 1368 1192 1432 extinxit.
1208 1367 1358 1432 inimicos
1380 1364 1494 1432 Crucis

447 1476 466 1505 ‘·'
489 1467 614 1536 Christi
635 1470 674 1534 in
695 1469 850 1548 Ecclesia,
865 1470 930 1535 nisi
953 1469 1034 1535 Dux
1056 1467 1316 1535 ¹Gloucestriael
1353 1467 1435 1548 Quis
1456 1465 1495 1529 in¹

447 1579 464 1606 “
487 1593 545 1637 sua
567 1570 786 1637 odolescentia
808 1571 1041 1658 tranquillavit
1070 1571 1230 1658 populum
1257 1570 1433 1655 utrobique
1457 1568 1494 1632 in
1549 1629 1551 1632 .

447 1681 466 1710 “
487 1673 620 1760 regione
639 1673 713 1754 ista,
733 1673 799 1738 nisi
819 1673 899 1738 Dux
923 1673 1159 1739 Gloucestriael
1184 1672 1265 1752 Quis
1281 1673 1389 1738 adhuc
1410 1671 1497 1736 ulte-

447 1784 463 1810 ‘⁶
486 1776 554 1841 rius
584 1776 620 1839 in
650 1779 810 1840 totusue
833 1780 933 1841 aetate
960 1781 1075 1841 tenera
1104 1797 1183 1840 suus
1206 1797 1312 1852 verus,
1334 1774 1494 1852 assiduus,

448 1883 466 1913 “
488 1884 523 1944 et
558 1877 735 1944 continuus
764 1877 873 1942 fuerat
908 1875 1094 1958 ”alumnus
1126 1899 1164 1942 ac
1201 1878 1301 1942 etiam
1328 1875 1494 1952 ³alumna,

448 1980 553 2044 “nisi
579 1979 660 2044 Dux
687 1978 923 2046 Gloucestriael
964 1978 1010 2045 Et
1032 2001 1120 2045 nunc
1146 1979 1295 2066 proditor
1316 1978 1385 2064 ipse
1415 1976 1495 2043 dici·

447 2088 465 2116 “
488 2086 550 2160 tur,
573 2082 631 2167 qui
661 2102 721 2169 pro
753 2087 834 2147 tunc
857 2081 1019 2169 potuisset
1048 2080 1234 2160 *millesies
1266 2083 1295 2146 si
1328 2080 1495 2158 voluisset,

447 2189 466 2219 ‘⁸
489 2183 623 2248 liberius
643 2187 790 2269 patrasse
812 2183 895 2248 illud
920 2182 1119 2249 horrendum
1141 2183 1268 2249 facinus
1290 2182 1377 2269 quod
1405 2189 1492 2269 ‘pro-

448 2291 466 2321 “
490 2284 618 2350 ‘ditio'
639 2286 839 2354 nominatur.
876 2284 994 2350 ⁵Vah!
1018 2285 1109 2350 fictio
1132 2289 1182 2350 est
1204 2285 1277 2362 ista,
1292 2286 1363 2350 sive
1377 2284 1496 2362 verius,

450 2393 467 2422 “
489 2387 599 2464 factio,
622 2384 832 2465 ‘facinorosa
848 2387 1036 2474 excogitata
1056 2409 1114 2474 per
1135 2386 1224 2452 illius
1245 2387 1417 2452 aviditatis
1438 2407 1496 2451 vc·

449 2496 466 2524 “
488 2494 620 2566 ratores,
641 2489 700 2575 qui
721 2494 857 2577 propter
878 2489 1011 2575 adipem
1036 2487 1191 2554 occidunt
1219 2487 1363 2566 arietem,
1389 2493 1424 2554 et
1453 2487 1497 2552 ob

449 2597 467 2626 “
489 2595 702 2677 augmentum
727 2589 849 2677 praedae
879 2595 1035 2676 quaerunt
1057 2590 1238 2656 occasiones
1261 2589 1424 2675 quomodo
1446 2588 1496 2653 in·

450 2698 468 2728 “
490 2691 677 2758 nocentiam
703 2689 884 2778 lpoterunt
908 2690 1075 2759 suffocare.
1131 2691 1301 2758 Patiemur
1323 2712 1401 2778 ergo
1429 2711 1497 2766 nos,

449 2801 468 2830 “
490 2795 549 2881 qui
572 2793 658 2860 servi
681 2793 752 2880 ejus
774 2795 905 2873 fuimus,
929 2794 987 2879 qui
1010 2814 1118 2860 secum
1141 2793 1178 2858 in
1201 2793 1314 2859 officiis
1336 2793 1498 2869 stetimus,

449 2902 467 2932 “
489 2896 612 2982 quique
642 2891 775 2987 'suorum
805 2900 1003 2961 secretorum
1033 2916 1163 2960 eramus
1187 2897 1316 2978 conscii,
1332 2894 1498 2960 intellexi·

451 3003 469 3032 “
492 3018 631 3084 musque
653 2998 765 3064 omnia
792 3003 827 3064 et
848 2996 978 3085 singula
1000 3017 1100 3083 opera
1122 2997 1201 3083 ejus,
1221 2997 1406 3084 Principem
1428 3003 1500 3062 tam

450 3107 468 3136 “
490 3100 660 3181 illustrem,
684 3100 809 3167 Ducem
833 3105 904 3165 tam
934 3097 1165 3178 ⁸industrium‚
1197 3099 1401 3185 militemque
1427 3103 1499 3164 tum

451 3209 469 3236 “
491 3202 638 3289 probum,
654 3201 840 3288 providum,
856 3207 891 3268 et
913 3200 1118 3288 prudentem,
1135 3201 1373 3288 innoxiumque
1394 3223 1416 3266 a
1436 3201 1498 3267 cri·

452 3311 469 3339 “
492 3304 589 3382 mine,
605 3303 693 3369 acin
708 3305 860 3369 omnibus
875 3303 1093 3385 innocentem,
1109 3302 1156 3370 sic
1171 3303 1305 3370 lacerari
1320 3327 1341 3368 a
1355 3303 1499 3382 canibus,

452 3413 469 3440 “
492 3404 539 3469 sie
560 3403 725 3468 stimulari
747 3427 768 3469 a
793 3393 1036 3492 scorpionibus
1049 3403 1159 3490 sicque
1182 3405 1336 3470 infamari
1357 3427 1416 3492 per
1437 3405 1500 3470 im-

452 3511 472 3540 “
494 3505 565 3592 pios
587 3526 785 3587 susurrones,
800 3506 1015 3592 devora-rique
1037 3527 1095 3592 per
1117 3527 1172 3571 ecs
1195 3528 1324 3572 omnem
1347 3507 1502 3572 substan·

454 3607 577 3672 “tiam
600 3608 809 3694 possessionis
833 3608 960 3696 ipsiusl
1003 3609 1106 3674 Absit
1128 3609 1164 3673 id
1179 3629 1199 3672 a
1213 3609 1331 3692 nobis3
1356 3609 1443 3674 absit
1465 3609 1502 3674 id

455 3716 473 3744 “
495 3708 596 3775 etiam
618 3708 661 3775 ab
682 3711 833 3776 omnibus
852 3709 995 3797 illisqui
1012 3709 1179 3796 justitiam
1201 3711 1354 3797 diligunt,
1369 3717 1429 3776 aut
1443 3731 1502 3776 ex·

453 3817 471 3846 “
493 3816 604 3877 ercent
618 3833 716 3898 opera
735 3812 878 3898 pietatis.
923 3811 945 3877 J
949 3816 1058 3890 ustum
1074 3817 1125 3878 est
1139 3812 1236 3891 enim,
1251 3817 1290 3878 ut
1305 3813 1369 3894 ille,
1388 3813 1446 3899 qui
1465 3813 1502 3876 in
1627 3889 1634 3904 ι

455 3919 470 3946 “
493 3934 552 3979 suo
567 3919 714 4000 tempore
731 3915 898 4000 justitiam
914 3913 1023 3992 coluit,
1039 3913 1097 3999 qui
1114 3913 1279 4000 justitiam
1296 3915 1416 3994 tenuit,
1430 3915 1503 4001 qui-

454 4019 472 4050 “
496 4037 559 4101 que
589 4015 673 4081 aluit
692 4015 870 4100 justitiam,
892 4020 927 4082 et
946 4015 1099 4094 nutrivit,
1123 4016 1234 4081 sedeat
1260 4037 1319 4102 pro
1344 4037 1433 4082 nunc
1457 4019 1501 4083 ad

455 4125 471 4152 “
494 4118 665 4184 dexteram
680 4118 704 4184 J
705 4119 817 4196 udicis,
836 4118 924 4184 inter
941 4117 1114 4203 justosque
1129 4117 1281 4183 vendicet
1301 4118 1365 4184 sibi
1386 4120 1502 4200 locum,

455 4224 473 4254 “
495 4241 533 4286 ac
556 4220 665 4308 ipsum
688 4225 801 4286 teneat
820 4221 909 4286 inter
931 4241 992 4286 eos
1039 4217 1137 4284 Pium
1159 4224 1210 4284 est
1232 4220 1342 4302 etiam,
1365 4228 1400 4287 et
1422 4243 1504 4308 opus

487 4507 702 4560 ¹Goucestrioein
714 4507 771 4560 MS.
1035 4505 1166 4557 ‘Vathin
1178 4508 1235 4559 MS.

487 4587 674 4654 ²clmnpnusin
686 4585 742 4640 ΜΒ.
1035 4583 1196 4649 “fadaeroca
1208 4587 1234 4634 in
1245 4585 1302 4638 MS.

486 4665 498 4698 ³
509 4667 623 4731 alompna
635 4665 661 4716 in
672 4664 729 4718 MS.
1034 4663 1044 4702 7
1053 4665 1159 4729 poterint
1170 4665 1198 4714 in
1209 4665 1265 4717 MS.

488 4743 655 4798 moinus,
1035 4741 1291 4796 ⁸industrcminMS.
