3588 5838
472 909 646 962 somme
668 909 953 962 warrantum
975 909 1152 962 sucum.
1293 898 1335 960 81

282 1095 300 1126 “
323 1091 429 1158 citum
458 1113 555 1160 suum
584 1093 731 1161 fecerent
763 1094 973 1172 summoneri,
996 1092 1146 1181 praedioti
1177 1091 1272 1158 Prior
1301 1096 1415 1168 etan.
1431 1113 1503 1170 reso.

282 1199 301 1228 “
327 1195 528 1270 Conventus,
553 1202 588 1262 et
616 1217 815 1263 successores
845 1196 907 1278 sui,
929 1217 988 1284 pro
1010 1195 1153 1284 propriis
1174 1199 1209 1261 et
1230 1194 1334 1260 domi·

282 1301 299 1330 “
322 1297 405 1363 uicis
441 1296 546 1364 feodis
582 1298 728 1364 militum
758 1298 939 1365 Abbethiae
976 1297 1074 1378 illius,
1105 1299 1142 1364 in
1179 1296 1333 1363 menibus

279 1399 489 1466 “dictorum
519 1406 601 1468 tunc
625 1401 857 1480 existentibus,
884 1400 928 1467 cd
952 1400 1127 1467 servitium
1153 1400 1190 1466 in
1217 1399 1333 1467 eodem

281 1507 299 1536 “
322 1503 470 1570 exercitu
507 1503 695 1570 sociendum
730 1503 868 1570 minime
906 1507 1108 1583 tenerentur,
1142 1523 1202 1568 nec
1239 1524 1332 1569 occc-

280 1609 298 1640 “
321 1605 411 1672 sione
436 1605 567 1672 servitii
589 1605 679 1672 illius
702 1604 955 1673 molestarentur
976 1605 1015 1670 in
1037 1605 1159 1690 aliquo,
1175 1624 1235 1670 seu
1256 1625 1333 1691 gru-
1413 1647 1417 1656 ·

282 1712 300 1740 “
323 1711 491 1786 vorentur,
530 1705 588 1774 sed
619 1707 698 1774 inde
730 1708 864 1796 ponitus
902 1714 1011 1774 essent
1044 1706 1158 1795 quieti.
1223 1705 1333 1772 Salvis

281 1813 299 1843 “
321 1813 434 1876 tomen
466 1808 557 1876 dicto
588 1809 696 1876 ubero
727 1815 850 1889 nostro,
873 1816 908 1877 et
938 1808 1126 1877 haeredibus
1156 1807 1234 1890 suis,
1264 1829 1330 1874 ser-

280 1910 418 1976 “vitiis
447 1911 620 1978 feodorum
651 1912 798 1978 militum
828 1935 903 2000 quae
931 1917 1125 1978 tenerentur
1155 1910 1197 1978 de
1219 1909 1331 1976 Abba·

280 2017 301 2048 “
323 2012 395 2080 thie
425 2015 584 2100 praedicte
613 2014 817 2102 temporibus
854 2015 1067 2081 vacationum
1100 2011 1255 2100 ejusdem,
1288 2013 1332 2078 od

280 2122 298 2147 ‘¹
320 2114 446 2182 dictum
470 2116 614 2184 abevum
637 2122 787 2183 nostrum
810 2121 845 2183 et
867 2115 1013 2184 heoredes
1035 2137 1112 2182 suos
1134 2115 1331 2202 pertinenti·

279 2225 300 2251 “
321 2217 384 2284 bus
405 2219 535 2284 ratione
557 2219 723 2285 exercitus
737 2219 928 2307 supradicti,
942 2223 1042 2306 prout
1064 2217 1101 2283 in
1114 2217 1235 2284 litteris
1248 2238 1332 2303 pree·

280 2325 298 2354 ‘⁸
321 2320 418 2386 dictis
438 2320 568 2409 plenius
596 2320 942 2400 continetur.-¹Nos,
964 2321 1007 2388 ob
1032 2319 1207 2409 specialem
1231 2319 1328 2386 effec-

281 2422 448 2488 “tionem
486 2446 586 2510 quem
625 2447 704 2512 ergo
733 2425 875 2492 Beatum
904 2424 1083 2504 Albanum,
1118 2420 1330 2508 'Martyrem

282 2529 301 2560 “
324 2525 559 2611 supradictum,
570 2527 663 2598 etad
672 2525 877 2593 Abbcthiom
892 2527 1094 2615 praedictam,
1108 2524 1329 2591 effectionem-

280 2631 301 2661 “
322 2648 387 2712 que
421 2627 581 2694 sinceram
603 2650 702 2714 quum
734 2649 814 2715 erge
845 2649 1016 2716 personam
1039 2626 1154 2693 dilecti
1176 2627 1271 2692 nobie
1293 2627 1330 2691 in

281 2732 300 2761 “
323 2727 455 2794 Christo
470 2729 599 2798 Fratris
613 2730 748 2798 Thomae
771 2731 812 2797 de
834 2731 868 2796 le
882 2731 983 2811 More,
998 2751 1087 2796 nunc
1102 2728 1246 2794 Abbetis
1261 2728 1330 2793 Ab·

280 2835 300 2866 ‘¹
321 2831 446 2898 bethiae
468 2833 644 2919 praediotae,
666 2834 809 2921 gerimus
832 2839 868 2898 et
890 2833 1058 2914 hebemus,
1081 2837 1116 2898 et
1138 2833 1181 2898 ud
1204 2831 1329 2918 suppli·

280 2939 299 2966 “
321 2932 482 2999 cntionem
505 2934 652 3020 ejusdem
674 2957 764 3001 nunc
786 2934 938 3014 Abbatis,
962 2942 997 3002 et
1020 2933 1213 3001 Conventus
1244 2933 1329 3018 ejus-

280 3041 298 3069 “
321 3035 395 3100 dem
416 3035 489 3118 loci,
513 3037 554 3102 de
575 3037 685 3124 gretia
707 3043 822 3104 nostre
844 3036 987 3123 speciali,
1011 3042 1046 3103 et
1077 3057 1212 3102 assensu
1242 3034 1329 3100 Gon-

280 3143 297 3170 “
319 3137 385 3202 silii
399 3138 514 3220 nostri,
531 3140 755 3219 concessimus,
765 3161 824 3227 pro
839 3139 935 3205 nobis
949 3142 985 3204 et
999 3137 1184 3205 haeredibus
1199 3137 1330 3216 nostris,

278 3243 297 3273 “
318 3239 440 3307 eisdem
455 3241 582 3307 Abbati
604 3248 639 3310 et
654 3241 853 3324 conventui,
869 3241 957 3329 quod
979 3241 1073 3308 Prior
1088 3244 1123 3307 et
1138 3239 1330 3308 Conventus

279 3347 298 3376 “
321 3340 501 3409 Abbotbiae
523 3343 679 3430 ejusdem,
704 3350 738 3411 et
768 3365 882 3410 eorum
904 3365 1110 3423 successores,
1132 3343 1169 3408 in
1191 3341 1330 3429 singuiis

280 3449 298 3479 “
320 3445 550 3513 vocationibus
580 3447 726 3534 ejusdem
756 3446 946 3530 Abbuthiee,
976 3446 1138 3535 quotiens,
1163 3444 1329 3522 videlicet,

278 3553 296 3581 “
317 3546 425 3634 ipsum
454 3569 587 3614 exnunc
616 3571 733 3615 vacere
762 3549 943 3636 continget,
964 3547 1112 3615 hebeent
1133 3553 1169 3614 εὴ
1190 3552 1329 3616 teneant

278 3649 501 3715 “custodium
533 3651 714 3718 Abbuthiae
737 3652 837 3732 illius,
860 3657 895 3718 et
925 3652 1071 3718 omnium
1097 3649 1328 3738 temporeiium

278 3755 296 3785 ‘⁸
318 3749 474 3836 ejusdem,
497 3756 576 3832 tom,
599 3753 765 3836 videlicet,
787 3775 900 3820 eorum
926 3755 985 3840 qui
1017 3755 1059 3821 de
1091 3753 1262 3820 dotatione
1293 3756 1328 3819 et

278 3853 516 3921 “fundatione
538 3855 637 3924 dictes
660 3855 841 3923 Abbutbiae
867 3857 1026 3937 existunt,
1050 3878 1150 3942 quem
1180 3855 1328 3921 omnium

278 3959 297 3990 “
318 3953 460 4022 oliorum
482 3957 715 4046 temporalium
738 3957 843 4024 eidem
865 3957 1047 4024 Abbuthiae
1068 3979 1125 4045 per
1153 3956 1328 4043 praedictos

278 4063 297 4094 ‘¹
319 4079 407 4125 nuno
429 4059 598 4128 Abbetem
621 4066 657 4128 et
679 4061 899 4143 Conventum,
921 4067 957 4128 et
977 4061 1228 4149 proedecessores
1243 4079 1327 4138 suos,

278 4165 297 4196 ‘⁴
319 4159 466 4248 legitime
488 4162 740 4250 adquisitow
756 4166 791 4230 et
812 4163 913 4230 etium
936 4183 996 4250 per
1016 4161 1146 4228 eosdem
1160 4160 1328 4227 Abbutem

276 4267 296 4296 “
318 4267 353 4328 et
376 4259 598 4345 conventum,
620 4269 655 4332 et
677 4285 873 4332 successores
895 4286 980 4344 suos,
1002 4285 1142 4342 exnunc,
1164 4262 1206 4329 de
1227 4261 1327 4328 licen-

276 4367 296 4398 “
318 4364 368 4430 tic
389 4368 503 4430 nostru
524 4372 559 4432 et
581 4363 751 4432 baeredum
773 4372 970 4448 nostrorum,
993 4365 1139 4454 legitime
1154 4363 1327 4450 udquireu-

279 4471 297 4500 “
318 4465 444 4547 dorum,
460 4489 528 4534 une
549 4491 626 4536 cum
647 4469 747 4535 rebus
769 4475 805 4536 et
825 4469 923 4535 bonis
943 4469 988 4536 ed
1009 4465 1215 4534 Abbuthiem
1234 4465 1327 4530 illem

277 4569 521 4656 “temporibus
557 4571 680 4638 futuris
717 4571 989 4657 quoliterounque
1019 4567 1251 4658 spectantibus,
1272 4567 1329 4634 vel

312 4783 388 4838 ”me
404 4787 460 4838 first
475 4787 551 4839 letter
567 4787 689 4848 omittedr
705 4794 732 4840 to
748 4789 781 4840 be
867 4785 1061 4838 'Murtiruniu
1072 4785 1129 4840 MS.

277 4865 392 4931 nepueu
402 4865 430 4918 ln
440 4865 613 4922 illuminatior.

1175 4949 1197 4997 1³·
