3668 5842
462 879 527 944 262
794 887 994 938 aserenam
1014 885 1172 938 annana

295 1084 483 1146 an.14⁵s.“
504 1099 562 1144 seu
585 1077 671 1143 alter
693 1080 842 1144 vestrum
871 1077 989 1164 capiat,
1011 1076 1121 1155 seisat,
1143 1081 1178 1144 et
1199 1078 1317 1154 sumat,
1340 1077 1401 1142 aut
1429 1073 1510 1163 capi,

464 1186 482 1218 “
504 1181 618 1259 saisiri,
635 1185 669 1246 et
685 1181 779 1260 sumi,
795 1180 904 1260 iaciat,
918 1180 1020 1267 juxta
1034 1180 1113 1260 vim,
1128 1179 1275 1261 formam,
1292 1183 1327 1244 et
1349 1177 1511 1256 effectum,

462 1289 481 1318 “
503 1290 596 1350 actus
618 1283 787 1370 praedicti:
812 1283 931 1350 dantes
953 1283 1094 1349 ulter-im
1108 1282 1213 1361 vobis,
1236 1285 1272 1347 et
1292 1280 1425 1368 utrique
1439 1301 1512 1348 ves·

462 1389 482 1421 “
504 1389 604 1468 trum,
627 1389 740 1451 tenore
755 1385 977 1472 praesentium,
994 1385 1149 1452 similiter
1170 1385 1208 1450 in
1229 1384 1407 1462 mandetis,
1422 1385 1511 1470 quod

464 1496 483 1524 “
505 1510 579 1574 quas
605 1493 640 1554 et
663 1487 774 1575 qualia
807 1487 996 1574 hujusmodi
1030 1488 1178 1566 honores,
1208 1491 1324 1567 castra,
1356 1487 1511 1566 dominia,

464 1595 483 1626 “
504 1590 603 1668 villae,
627 1590 762 1673 villatas,
789 1590 942 1670 maneria,
973 1595 1080 1671 terrm,
1110 1594 1307 1668 tenementa,
1329 1593 1365 1655 et
1393 1593 1512 1656 caetera

464 1699 482 1728 “
507 1693 682 1782 praemissa,
697 1693 846 1780 superius
858 1691 1052 1780 specificata,
1069 1693 1158 1758 infra
1175 1693 1362 1760 Comitatus
1376 1692 1512 1780 praedic

464 1801 481 1832 “
504 1800 565 1878 tos,
588 1800 660 1860 tam
689 1795 778 1861 infra
806 1795 978 1861 libertates
1001 1817 1100 1882 quam
1126 1799 1229 1874 extra,
1260 1793 1356 1861 nobis
1384 1795 1512 1860 virtute

463 1905 482 1936 “
504 1903 597 1966 actus
619 1897 778 1984 praedicti,
796 1903 834 1964 ut
856 1897 1084 1983 praemittitur,
1107 1897 1310 1984 pertinentia
1330 1897 1401 1962 sive
1423 1917 1513 1984 spec-

463 2010 481 2038 “
503 2001 619 2079 tantia,
635 2005 670 2066 et
692 2021 775 2087 quae,
799 2005 966 2088 praetextu
980 2000 1154 2088 praesentis
1175 1999 1326 2066 mandati
1342 1999 1455 2077 nostri,
1476 2000 1512 2064 in

464 2113 481 2140 “
503 2125 621 2170 manus
637 2108 671 2169 et
693 2103 909 2190 possessiones
931 2107 1060 2169 nostras
1082 2125 1140 2190 per
1161 2123 1230 2184 vos,
1256 2123 1315 2168 seu
1335 2121 1392 2188 per
1414 2101 1513 2168 alter-

464 2215 562 2272 “um
593 2210 750 2283 vestrum,
775 2210 816 2272 ut
837 2204 1062 2292 premittitur,
1087 2205 1169 2292 capi,
1193 2204 1287 2282 sumi,
1310 2225 1369 2270 scu
1399 2204 1512 2283 seieiri,

464 2318 483 2345 “
505 2307 713 2395 contigerint,
740 2311 775 2373 et
803 2307 951 2390 fuerint3
984 2329 1022 2374 ac
1052 2307 1162 2386 etiam,
1192 2307 1332 2394 quando,
1362 2305 1512 2393 qualiter,

464 2417 483 2448 “
505 2416 540 2477 et
561 2411 735 2497 quomodo,
767 2411 995 2477 executionem
1025 2410 1198 2498 praesentis
1228 2409 1379 2475 mandati
1408 2409 1513 2475 nostri

464 2521 482 2550 “
504 2513 656 2591 feceritis,
681 2535 740 2578 seu
770 2513 856 2578 alter
877 2519 1025 2579 vestrum
1058 2513 1183 2594 fecerit,
1205 2511 1456 2577 Thesaurarium
1479 2518 1514 2578 et

464 2624 481 2651 “
504 2616 650 2682 Berones
680 2615 722 2682 de
756 2615 926 2682 Scaocario
956 2620 1076 2694 nostro,
1111 2614 1149 2681 in
1181 2614 1270 2681 idem
1308 2613 1513 2682 marium

464 2725 483 2754 “
504 2723 663 2798 nostrum,
679 2717 716 2782 in
738 2719 880 2785 crastino
897 2717 1012 2784 Sancti
1027 2717 1197 2784 Michaelis
1218 2717 1369 2804 proximo
1391 2718 1512 2799 futuro,

466 2829 483 2858 “
505 2821 659 2888 distincte
681 2824 717 2886 et
739 2825 861 2908 aperte,
884 2843 923 2887 ac
946 2819 1193 2908 particulariter
1217 2824 1252 2886 et
1267 2841 1427 2908 expresse,
1442 2825 1512 2886 tam

466 2931 483 2960 “
505 2925 541 2990 in
563 2945 683 3011 genere
705 2944 806 3010 quam
826 2924 864 2987 in
885 2923 1001 3009 specie,
1018 2922 1081 2989 sub
1096 2921 1214 3011 sigillis
1230 2923 1356 3001 vestris,
1371 2945 1429 2988 seu
1452 2923 1514 2989 sub

465 3033 483 3063 “
506 3026 614 3114 sigillo
636 3026 772 3092 alterius
787 3030 942 3104 vestrum,
958 3025 1155 3102 certificetis,
1178 3046 1236 3090 seu
1258 3025 1343 3091 alter
1364 3031 1514 3091 vestrum

466 3135 484 3167 ‘¹
505 3128 671 3197 certificet.
707 3129 753 3194 Et
764 3128 836 3206 hoc,
848 3127 909 3193 sub
925 3149 1024 3216 poena
1035 3128 1124 3194 mille
1139 3127 1355 3209 librarum,ac
1370 3129 1514 3216 periculo

465 3237 483 3267 “
504 3230 726 3308 incumbente,
756 3229 946 3296 nullatenus
975 3229 1150 3308 omittatis,
1180 3251 1241 3297 nec
1263 3229 1346 3296 alter
1367 3235 1514 3297 vestrum

466 3341 483 3369 “
507 3333 648 3398 omittat.
695 3332 823 3398 Dentes
845 3333 978 3420 insuper
1000 3331 1073 3412 tibi,
1092 3337 1139 3412 tu,
1161 3331 1297 3420 praefate
1318 3333 1514 3412 Viccconies,

465 3441 484 3470 “
505 3439 619 3500 tenore
648 3433 864 3520 praesentium
895 3433 1050 3500 similiter
1081 3435 1119 3500 in
1151 3435 1327 3514 mandatis,
1362 3437 1450 3522 quod
1473 3437 1514 3503 de

466 3543 483 3572 “
506 3536 755 3622 quibuscunque
781 3536 935 3615 exitibus,
958 3537 1120 3624 proficuis,
1143 3538 1442 3618 commoditatibus,
1464 3561 1514 3605 re·

467 3648 484 3674 “
506 3638 728 3716 ventionibus,
752 3645 787 3705 et
817 3640 1045 3718 emolimentis,
1068 3640 1109 3706 de
1131 3641 1299 3726 praedictis
1328 3641 1514 3722 honoribus,

466 3751 483 3777 “
506 3741 629 3818 castris,
651 3740 812 3819 dominiis,
834 3741 933 3819 villis,
955 3742 1088 3821 villatis,
1110 3743 1273 3821 maneriis,
1294 3744 1401 3823 terris,
1423 3749 1514 3810 tene·

466 3854 484 3882 “
507 3844 637 3922 mentis,
660 3849 694 3911 et
717 3843 843 3910 caeteris
865 3845 1050 3931 praemissis,
1066 3845 1153 3911 inira
1171 3846 1357 3912 Comitatus
1378 3847 1515 3935 praedic·

465 3959 483 3986 “
506 3953 568 4028 tos,
590 3951 661 4012 tam
684 3947 772 4012 infra
793 3947 965 4013 libertates
984 3969 1084 4033 quam
1108 3952 1212 4029 extra,
1236 3970 1296 4034 per
1318 3954 1361 4030 te,
1375 3955 1411 4015 et
1431 3972 1514 4037 prae·

466 4059 484 4088 “
507 4051 614 4117 fatum
629 4050 846 4128 Escaetorem,
862 4071 919 4115 seu
940 4049 1081 4115 alterum
1103 4055 1260 4129 vestrum,
1281 4049 1320 4116 in
1340 4073 1458 4118 manus
1480 4059 1516 4118 et

466 4161 485 4192 “
507 4152 742 4241 possessionem
764 4155 900 4233 nostras,
925 4149 1144 4239 ¹[praetextu]
1171 4154 1344 4239 praesentis
1366 4157 1514 4222 mandati

467 4265 485 4294 “
506 4255 621 4333 nostri,
643 4254 690 4320 sic
711 4254 825 4340 captis,
847 4254 997 4340 sumptis,
1020 4275 1078 4320 seu
1109 4254 1238 4336 saisitis,
1260 4277 1281 4322 a
1303 4255 1393 4323 dicto
1415 4257 1514 4324 Festo

467 4368 485 4396 “
507 4357 622 4426 Sancti
637 4355 816 4435 Michaelis,
831 4357 951 4422 ultimo
965 4357 1142 4444 praeterito,
1153 4359 1432 4445 provenientibus,
1443 4361 1514 4426 sive

466 4470 484 4499 “
506 4459 733 4537 crescentibus,
749 4457 792 4523 ad
807 4459 986 4546 Receptam
1009 4459 1169 4528 Scaeam
1192 4461 1305 4540 nostri,
1320 4462 1365 4529 ad
1387 4462 1512 4532 dictum

466 4572 484 4599 “
505 4563 686 4632 crastinum
702 4561 818 4630 Sancti
838 4561 1016 4645 Michaelis
1031 4563 1236 4650 respondeas,
1253 4585 1310 4630 seu
1325 4566 1512 4652 responderi

526 4823 533 4852 ¹
547 4819 657 4874 Omitted
668 4820 694 4870 in
706 4819 773 4883 MS,
783 4821 829 4871 but
840 4819 967 4885 evidently
977 4820 1099 4886 required,
1111 4837 1139 4872 aa
1151 4824 1286 4888 suggested
1297 4825 1332 4888 by
1343 4823 1453 4877 Hearne
