3588 5838
431 865 604 916 tonsurus
626 862 912 913 wflsuflausssns
936 862 1111 911 SECUNDAE.
1179 869 1184 880 '
1277 849 1296 912 9

253 1061 270 1090 “
292 1051 397 1132 vobis,
420 1057 498 1118 sunt
512 1054 548 1118 in
562 1052 662 1139 triplo
684 1052 793 1139 plures
809 1052 912 1133 vobis,
928 1055 963 1116 et
977 1055 1151 1138 propterea
1164 1071 1207 1116 ex
1230 1072 1298 1116 om·
1311 1065 1378 1116 an.
1394 1069 1466 1116 1⁴51.

251 1163 270 1192 “
291 1157 394 1222 nibus
415 1155 549 1236 viribus,
572 1154 680 1242 quoad
703 1157 815 1220 actum
838 1153 1015 1232 electionis,
1030 1151 1124 1219 vobis
1148 1153 1299 1239 potiores.

250 1267 269 1294 “
292 1259 427 1326 Oedatia
448 1258 561 1346 igitur,
583 1255 715 1322 consulo
737 1257 840 1337 vobis,
864 1257 1041 1342 redeatque
1065 1277 1178 1321 rursus
1205 1260 1300 1342 peter

252 1370 269 1398 “
292 1361 490 1448 praeteritus,
512 1365 626 1447 pastor
649 1361 806 1448 egregius,
829 1363 925 1447 pater
946 1363 982 1424 et
1002 1362 1113 1445 pastor
1135 1359 1300 1444 providus,

251 1473 269 1500 ‘¹
293 1464 424 1545 solidus,
447 1467 483 1529 et
505 1463 677 1550 politicus3
710 1483 806 1548 quem
833 1467 966 1549 propter
995 1461 1118 1526 samm
1147 1462 1310 1538 nominis,

252 1575 270 1602 “
294 1566 595 1653 experientiamque
625 1564 804 1652 regiminis,
835 1563 990 1630 ardenter
1027 1569 1067 1628 ut
1103 1563 1217 1628 redeat
1246 1564 1301 1629 de·

253 1677 270 1704 “
293 1669 423 1747 siderat,
447 1669 608 1734 ucetiam
630 1667 774 1747 affectat,
798 1667 921 1732 nedum
944 1667 1027 1744 Res,
1049 1672 1083 1731 et
1109 1666 1203 1754 regni
1225 1687 1300 1753 pro-

253 1779 272 1808 “
296 1793 390 1848 ceres,
429 1769 610 1858 patriaeque
640 1768 764 1848 incolae,
797 1791 835 1834 ac
872 1769 983 1834 cuncti
1012 1768 1147 1848 nobiles,
1180 1766 1303 1835 ¹immo

254 1883 272 1910 “
295 1874 442 1953 ulterius,
466 1877 539 1938 tota
560 1893 598 1937 ac
620 1872 734 1938 totalis
757 1872 852 1956 quasi
874 1871 1061 1936 substantia
1083 1872 1301 1938 fraternitatis

254 1985 271 2012 “
295 1976 394 2063 hujus
415 1975 543 2062 collegii
563 1972 759 2042 coenobialis.
806 1973 891 2040 Cum
907 1974 1010 2062 igitur
1024 1995 1045 2038 a
1059 1975 1190 2040 nemine
1205 1975 1302 2040 aliter

253 2086 271 2115 ‘¹
294 2078 383 2144 credi
405 2083 465 2143 aut
488 2077 616 2164 opinari
639 2077 770 2164 poterit,
793 2077 874 2162 quin
897 2077 958 2142 hoc
979 2097 1023 2141 ex
1045 2077 1116 2143 Deo
1143 2098 1301 2165 processe·

252 2189 270 2218 ‘¹
293 2181 348 2258 rit,
370 2180 458 2266 quod
480 2185 533 2246 tot
555 2184 590 2245 et
611 2180 706 2256 tanti,
731 2185 765 2245 et
787 2179 950 2268 praecipue
972 2181 1037 2246 viri
1059 2185 1127 2246 tam
1151 2180 1301 2260 modesti,

252 2291 271 2318 “
294 2283 497 2350 conveniunt
518 2282 555 2346 in
577 2303 691 2360 unum,
720 2283 893 2369 ipsumque
922 2283 1080 2349 affectant
1109 2281 1196 2370 eligi,
1219 2305 1302 2371 prae-

252 2395 270 2421 “
293 2387 410 2472 ficique
429 2387 558 2463 iterum,
572 2385 610 2450 in
632 2388 761 2470 patrem
784 2389 820 2451 et
841 2390 1008 2471 pastorem
1031 2389 1190 2463 nostrum,
1205 2385 1302 2451 affec·

253 2497 271 2524 ‘¹
295 2489 373 2554 tetis
402 2487 513 2566 etiam,
536 2487 669 2554 consulo
698 2487 802 2569 vobis,
832 2487 867 2552 id
897 2489 1013 2576 ipsum,
1036 2489 1302 2575 conveniatisque

253 2600 272 2628 “
295 2613 369 2656 cum
393 2590 542 2670 caeteris3
565 2595 600 2656 et
621 2590 746 2678 gratias
768 2612 830 2678 ago
851 2591 947 2657 vobis
969 2613 1037 2656 non
1056 2613 1095 2658 eo
1109 2591 1227 2674 minus,
1242 2611 1303 2678 pro

255 2701 273 2729 ‘⁴
294 2693 399 2781 gratis
421 2692 644 2779 gratuitisque
666 2691 903 2759 benevolentiis
925 2693 1070 2760 vestris.''

300 2794 453 2861 Finiente
480 2795 526 2858 sic
549 2793 672 2876 Priore,
696 2798 786 2860 etse
815 2795 859 2860 ad
888 2795 952 2860 alia
982 2796 1179 2874 divertente,
1201 2817 1431 2884 cesse-Hiram

253 2902 335 2964 runt
349 2897 450 2963 etiam
466 2897 585 2962 fratres
600 2896 657 2960 isti
673 2896 820 2983 opinioni
835 2917 912 2976 suae,
922 2891 1213 2984 concesseruntque
1228 2920 1302 2964 cum
1314 2891 1410 2962 portes
1446 2952 1452 2963 .

253 3001 382 3067 caeteris
397 2999 571 3065 convenire
586 2996 806 3064 confratribus
821 2999 858 3063 in
872 2999 986 3064 futura
1002 3005 1082 3066 tunc
1097 2999 1138 3066 de
1152 3001 1303 3087 proximo
1315 2952 1466 3084 pppmtgnhp

253 3102 418 3170 electione.

299 3205 427 3291 Sicque,
442 3209 476 3269 et
491 3202 553 3268 sub
567 3203 629 3268 hoc
643 3203 749 3282 modo,
765 3204 907 3270 cessavit
922 3205 1111 3292 supradicta
1125 3207 1301 3288 contentio,
1315 3231 1384 3282 John

251 3309 404 3392 factaque
434 3311 484 3372 est
514 3305 676 3393 posterius
702 3306 873 3372 concordia
900 3308 978 3372 talis
1001 3307 1090 3374 inter
1110 3309 1239 3390 fratres,
1262 3315 1301 3375 ut
1314 3299 1460 3376 wheuam-

252 3431 366 3476 omnes
388 3407 591 3474 unanimiter
611 3429 742 3494 unoque
772 3429 827 3474 ore
856 3409 893 3472 in
919 3410 974 3475 die
996 3410 1164 3478 electionis
1194 3433 1302 3500 proce·
1315 3368 1419 3482 didi-¹⁸

252 3513 379 3592 derant,
394 3511 585 3596 dictumque
608 3515 745 3596 patrem,
761 3511 913 3596 quamvis
932 3512 1076 3579 multum
1096 3515 1301 3594 renitentem,
1313 3500 1412 3565 ΜΨ
1423 3514 1462 3551 ²*

252 3614 422 3700 multaque
445 3613 555 3690 etiam,
570 3634 607 3678 ae
622 3609 834 3692 ²multifaria,
851 3613 1012 3694 videlicet,
1035 3614 1168 3682 colicam
1184 3621 1219 3684 et
1237 3617 1302 3682 cal·
1314 3567 1410 3683 iiiii

252 3715 371 3794 omum,
395 3714 583 3802 diampnem
613 3726 647 3779 et
677 3711 894 3801 ³nephresim‚
922 3723 1086 3782 senectam
1108 3722 1144 3784 et
1164 3718 1302 3803 senium,

253 3817 408 3903 diemque
430 3817 556 3884 dierum
574 3817 756 3882 instantem
771 3816 997 3900 novissimum,
1013 3841 1073 3908 pro
1095 3841 1129 3885 se
1151 3821 1188 3885 in
1209 3843 1303 3888 suam

254 3919 498 3986 excusationem
514 3923 743 4006 opponentem,
759 3916 996 3986 ‘nihilominus
1010 3942 1121 3988 rursus
1136 3922 1304 4011 eligerent,

253 4043 431 4108 rursusque
457 4021 521 4087 sibi
545 4020 582 4085 in
605 4025 769 4108 pastorem
796 4021 919 4109 praefici
941 4024 1155 4109 postularent.
1203 4024 1304 4110 Cujus

252 4123 495 4211 postulationis,
517 4123 587 4187 sive
618 4120 794 4200 electionis,
826 4129 922 4188 tenor
952 4124 1005 4191 hic
1040 4126 1304 4212 subsequitur.—

255 4301 326 4308 ---u—
333 4299 502 4308 ——u-o--w

285 4391 294 4424 ¹
303 4391 462 4456 ymainMS.

284 4469 567 4536 metaplasmus.
