3640 5842
482 899 656 952 consume
678 900 962 952 wnmuuusrunu
985 891 1160 951 sucuuos.
1274 885 1337 951 899

294 1091 315 1121 ‘⁴
336 1086 467 1154 teriales
487 1089 592 1154 vestri
619 1089 805 1166 sanctuarii,
839 1110 946 1175 neque
976 1089 1114 1176 dispcrsi
1139 1087 1273 1175 jaceant
1302 1087 1339 1150 in
1352 1087 1509 1140 A.D.1461.

296 1197 313 1226 “
335 1190 442 1275 capite
464 1189 611 1256 omnium
633 1191 824 1276 platearum,
840 1189 1077 1256 1nihilominus
1091 1189 1256 1279 oportebit
1270 1211 1341 1256 ves·

296 1297 315 1327 “
337 1297 428 1358 trum
443 1292 578 1379 aliquos,
593 1295 652 1380 qui
673 1294 799 1382 lapides
813 1293 885 1358 vivi
901 1297 989 1374 estis,
1005 1315 1080 1359 cum
1101 1298 1252 1380 sumptus
1269 1291 1340 1378 jam

298 1401 314 1428 ‘⁸
336 1395 502 1475 deficiunt,
526 1397 570 1460 ed
595 1400 725 1483 tempus
748 1395 900 1482 dispergi,
923 1394 1150 1482 segregarique
1172 1417 1193 1460 a
1214 1415 1341 1460 consor·
1383 1412 1385 1419 ·

297 1504 315 1529 “
337 1496 385 1562 tio
408 1497 692 1584 congregationis3
716 1519 885 1584 quousque
899 1497 1093 1585 dignabitur
1107 1497 1268 1564 Dominus
1290 1519 1342 1562 re·

299 1605 316 1632 “
338 1599 474 1678 cordari,
497 1599 578 1686 quid
601 1599 757 1665 acciderit
785 1600 888 1679 nobis,
910 1599 1100 1686 intuerique
1123 1621 1161 1664 oc
1182 1599 1342 1686 respicere

299 1707 316 1733 ‘⁴
339 1701 549 1788 opprobrium
570 1707 730 1782 nostrum,
746 1706 782 1768 et
795 1702 843 1768 sic
863 1702 999 1768 tandem
1020 1702 1247 1768 haeoeucaem
1269 1722 1343 1766 nos-

299 1807 317 1836 “
340 1807 434 1881 tram,
451 1825 525 1894 quae
547 1825 607 1890 pro
629 1826 718 1870 nunc
731 1826 827 1870 versa
848 1809 900 1870 est
921 1805 965 1869 ad
986 1805 1118 1882 alienos,
1135 1804 1252 1869 domus
1266 1825 1344 1868 vcro

300 1909 318 1939 ‘⁴
341 1911 454 1968 nostra
467 1905 504 1968 iu
518 1905 587 1970 suis
601 1906 696 1972 bonis
710 1905 887 1972 mobilibus
897 1906 941 1971 ad
956 1912 1138 1986 extraneos,
1150 1905 1191 1971 de
1202 1905 1344 1971 uberiori

300 2014 317 2040 “
339 2027 399 2071 sua
421 2008 540 2094 gratia,
554 2007 727 2074 restituere
749 2009 870 2074 iterum
892 2007 995 2076 nobis.
1040 2009 1087 2073 Et
1100 2010 1137 2074 in
1151 2008 1213 2074 hac
1234 2030 1344 2074 neces-

300 2115 318 2142 “
340 2109 438 2173 sitete
467 2109 676 2197 dispergendi
704 2111 757 2175 uti
785 2110 938 2176 volumus
967 2110 1192 2176 indifferentis
1214 2109 1284 2187 tali,
1305 2113 1346 2175 ut

302 2215 319 2245 “
341 2231 453 2276 omnes
475 2212 668 2278 cursualiter
689 2216 868 2290 transeant,
890 2212 958 2278 illis
980 2213 1058 2278 solis
1080 2211 1346 2297 solummodoque

301 2319 317 2346 “
340 2312 492 2398 exceptis,
515 2335 596 2402 quos
630 2314 736 2399 excipi
770 2317 900 2400 oportet
930 2335 989 2400 pro
1023 2313 1182 2400 regimine
1204 2313 1346 2390 claustri,

301 2419 318 2448 ‘⁴
342 2414 439 2495 chori,
463 2414 687 2502 bonorumque
709 2416 852 2482 ecclesiae
873 2416 909 2480 in
931 2415 1137 2482 universali.’'

347 2517 392 2582 Et
414 2516 494 2582 dum
516 2518 587 2584 haec
609 2518 740 2597 diceret,
754 2517 870 2584 taliter
892 2523 1027 2604 tamque
1049 2516 1280 2584 ²abundantcr
1301 2517 1346 2584 ab
1358 2529 1414 2579 The
1426 2525 1480 2578 Ab

302 2618 372 2706 ejus
395 2619 497 2686 oculis
519 2621 734 2708 erumpebant
750 2621 913 2708 lacrymae,
929 2621 1026 2707 quod,
1049 2627 1182 2708 propter
1204 2621 1346 2708 gemitus
1358 2594 1498 2723 ffiff'

303 2726 338 2786 et
359 2722 532 2808 singultus,
563 2743 631 2788 non
652 2728 782 2808 poterat
809 2744 991 2788 sermonem
1013 2722 1153 2788 ulterius
1174 2723 1346 2810 protelare.
1359 2730 1421 2807 theu
1433 2742 1492 2792 Ρω-

304 2823 373 2890 sus
395 2823 460 2889 uus
481 2825 588 2911 igitur
608 2825 721 2912 panon
742 2825 823 2912 ipsis
838 2825 1043 2904 valefaciens,
1066 2825 1209 2907 recenso,
1231 2793 1514 2913 sobre-ffiffl‘

304 2925 397 2991 vista
419 2931 531 2992 tamen
552 2925 644 3014 prius
667 2947 727 2992 sua
748 2927 882 3005 familia,
897 2928 941 2993 ad
962 2925 1170 2993 8manerium
1191 2949 1260 2994 suae
1281 2925 1508 3014 pri-threnlllmll

303 3029 416 3095 mariue
440 3029 692 3116 originationis;
725 3028 793 3107 ubi,
816 3030 897 3115 quia
921 3029 1011 3095 locus
1036 3035 1109 3096 erat
1140 3031 1223 3096 bene
1253 3001 1517 3136 exurasslffiffl

304 3131 428 3219 regiam
450 3131 540 3197 viam
562 3132 701 3219 positus,
715 3131 897 3219 permansit
918 3133 980 3198 sub
1002 3133 1160 3198 strictiori
1182 3132 1349 3220 regimine,
1359 3103 1449 3204 selues
1460 3159 1488 3202 to

305 3256 371 3320 quo
393 3233 530 3300 honeste
550 3234 710 3315 valuerat,
734 3234 897 3321 posterius
918 3255 987 3300 non
1008 3235 1122 3321 paucis
1143 3234 1268 3302 diebus.
1360 3219 1508 3340 &m

351 3336 449 3401 Nunc
472 3335 551 3422 quia
582 3335 624 3402 de
646 3337 727 3402 viris
761 3335 952 3402 Borealibus
976 3337 1016 3406 fit
1048 3359 1134 3424 saepe
1166 3343 1200 3404 et
1220 3336 1351 3426 ¹sapius
1432 3323 1438 3336 ⁸

306 3439 431 3504 mentio
453 3439 491 3503 in
512 3438 696 3526 praemissis,
712 3437 786 3504 ideo
801 3437 843 3504 de
865 3460 978 3504 eorum
1000 3439 1147 3506 moribus
1161 3444 1196 3506 et
1211 3440 1351 3506 conditi-

307 3541 425 3607 onibus
447 3541 603 3606 scribitur
624 3539 677 3606 hic
699 3540 835 3607 ulterius
857 3541 1001 3622 metrice,
1024 3542 1086 3608 sub
1108 3542 1174 3609 hiis
1189 3542 1352 3611 verbis.-

352 3659 419 3740 Qui
440 3681 546 3725 mores
568 3659 674 3746 plebis
696 3681 886 3747 cognoscere
907 3661 959 3726 vis
982 3661 1135 3741 Borealis
1362 3679 1488 3732 Thecla

353 3761 488 3850 Perlege
509 3783 613 3848 pauca
635 3767 762 3843 metra3
785 3761 847 3828 tibi
871 3762 983 3828 dicent
1004 3764 1053 3828 nil
1073 3764 1139 3830 nisi
1160 3785 1246 3830 vera
1362 3747 1509 3865 ffiosstfh,

353 3863 441 3930 Gens
462 3865 584 3943 Boreae,
606 3886 685 3951 gens
707 3863 925 3950 ‘Tisiphones
947 3887 1028 3952 gens
1050 3865 1170 3931 laltera
1192 3866 1512 3957 Megaeraeffirnproops,

354 3965 441 4032 Gens
462 3967 586 4033 lactata
607 3965 747 4052 “Styga
769 3969 947 4052 potatoque
968 3967 1061 4055 plebs
1082 3968 1277 4049 Acheronte,
1363 3947 1486 4062 l‘fflffl

354 4068 460 4135 Saevit
481 4068 518 4133 in
539 4067 720 4148 Australes,
744 4066 930 4134 stimularet
951 4066 1033 4134 lceu
1055 4068 1145 4135 furor
1166 4089 1288 4146 omnes,

354 4170 389 4234 N
390 4192 432 4235 on
454 4169 550 4258 vigor
571 4170 762 4253 attraheret,
784 4169 891 4235 virtus
913 4191 989 4252 non,
1012 4169 1105 4236 visve
1127 4175 1283 4236 moveret.

355 4273 416 4338 Est
437 4273 529 4338 furor
551 4277 611 4338 aut
631 4272 726 4354 iuria,
750 4273 906 4360 quicquid
928 4294 1009 4358 gens
1030 4272 1134 4360 egerit
1156 4273 1228 4339 ista

356 4375 443 4442 Gens
466 4374 589 4454 Boreae,
613 4395 694 4464 gens
717 4373 886 4442 Cerbereae
907 4374 1038 4463 lingum,
1062 4397 1125 4463 que
1147 4375 1297 4463 loquelae,

344 4594 634 4648 ¹nr‘cbilomc'narinMS.
893 4595 1168 4663 ⁴TieciptoueinMS.

345 4673 642 4727 ’tobundontcrinMS.
891 4673 980 4726 ‘altra
990 4675 1017 4726 iu
1027 4675 1083 4728 MS.

346 4753 485 4821 'Namelp
496 4755 523 4806 in
538 4755 582 4807 the
592 4761 661 4808 awo
678 4755 709 4808 of
722 4751 812 4810 whetss
892 4753 994 4822 “Styic
1003 4754 1030 4806 in
1039 4755 1098 4809 ΜΒ.

311 4835 448 4887 hamstede.
892 4832 1066 4889 minue.
