3560 5838
458 907 524 971 432
792 920 990 974 uuorsrrou
1012 920 1170 972 susurru

288 1119 431 1186 orgsnsfor
454 1130 542 1195 pono
557 1113 592 1174 et
607 1108 714 1188 choro,
728 1110 765 1174 in
796 1109 939 1177 ¹ohordis
962 1115 1083 1188 temen,
1099 1116 1134 1176 et
1155 1132 1285 1198 organo,
1307 1111 1344 1175 in
1366 1131 1504 1198 organo-

287 1187 442 1240 thecteros.
455 1231 593 1298 rumque
624 1211 756 1289 fistulis,
780 1212 874 1279 velut
907 1212 945 1278 in
972 1210 1157 1300 'symbolis
1189 1212 1272 1279 bene
1303 1213 1504 1292 sonantibus,

454 1313 590 1380 laudere
611 1314 793 1380 Dominum
818 1314 858 1380 de
881 1313 981 1394 ooelis,
1004 1321 1040 1381 et
1069 1314 1255 1380 collaudare
1282 1335 1355 1381 eum
1383 1315 1420 1380 in
1449 1337 1506 1380 ex·

455 1416 554 1495 oeteis,
578 1415 650 1482 fieri
672 1415 751 1483 feeit
774 1415 940 1503 quoddam
962 1437 1023 1503 per
1045 1437 1251 1504 organorum,
1266 1438 1332 1504 quo
1355 1424 1415 1483 eut
1429 1419 1504 1483 visu

455 1515 653 1606 ³puiohrius,
675 1522 736 1584 eut
757 1519 877 1584 auditu
901 1519 1045 1599 suavius,
1069 1525 1129 1585 out
1151 1519 1316 1586 oun'osum
1339 1519 1446 1606 magis
1468 1519 1504 1585 in

454 1642 559 1708 opere,
574 1643 642 1688 non
664 1624 804 1708 putetur
826 1641 921 1708 posse
943 1620 984 1688 de
1004 1620 1094 1687 feoili
1115 1621 1152 1686 in
1173 1621 1284 1708 ulique
1300 1621 1502 1689 Monusterio

454 1723 541 1789 infre
562 1729 672 1790 totum
694 1723 787 1790 istud
809 1744 949 1812 regnum
972 1724 1115 1811 reperiri.
1161 1725 1208 1790 Et
1232 1725 1320 1791 oiroe
1340 1724 1502 1790 facturum

454 1824 609 1913 ipsorum,
631 1831 666 1894 et
694 1825 903 1915 positionem,
926 1827 1117 1913 exposuisse
1149 1827 1255 1894 fertur
1286 1829 1323 1894 in
1357 1827 1506 1915 pecuniis

455 1929 544 1995 ultre
566 1951 728 1996 summum
750 1927 996 2017 quinquaginta
1020 1927 1187 1996 librarum.

287 2051 397 2103 renuer-
501 2030 597 2111 Item,
620 2037 793 2099 sexoeotus
817 2031 932 2110 libras,
953 2051 1014 2117 per
1035 2031 1219 2097 Dominum
1241 2031 1374 2120 Regem,
1398 2032 1435 2098 in
1456 2054 1506 2100 re·

287 2117 661 2244 fflgd'iuoompensem
691 2134 854 2200 bonorum
876 2132 1013 2199 Domini
1035 2132 1138 2199 Duois
1160 2133 1380 2214 Glouoestrioe,
1403 2155 1509 2222 nuper

287 2252 415 2303 nfmnee
456 2236 599 2304 eoelesioe
622 2257 796 2316 oonoesses,
821 2244 856 2302 et
878 2235 1019 2302 ulterius
1046 2236 1152 2302 eidem
1177 2235 1329 2318 eeclesias,
1351 2237 1413 2304 sub
1436 2237 1506 2303 Lit·

288 2317 402 2436 iffi&
457 2339 537 2407 teris
567 2341 635 2406 suis
666 2340 864 2406 Potentibus
894 2339 1112 2420 confirmatus,
1134 2340 1193 2406 sed
1218 2340 1389 2427 posterius,
1411 2339 1448 2405 vi
1474 2344 1507 2406 et

287 2452 386 2517 pounda
456 2442 570 2530 vigore
601 2441 772 2529 cujusdem
806 2441 1037 2530 resumptiouis
1073 2441 1241 2530 generetis,
1271 2443 1333 2508 sub
1364 2443 1507 2509 auotori-

457 2749 578 2815 iterum
592 2669 616 2830 ,q
623 2749 819 2835 iterumque,
846 2749 1031 2836 impetretis
1061 2748 1157 2814 novis
1194 2669 1331 2814 IiPiirtdris
1360 2669 1508 2814 Pauddd

457 2851 527 2930 bus,
551 2858 587 2918 et
608 2852 671 2917 sub
694 2851 822 2917 meliori
843 2850 948 2917 forma
977 2872 1078 2938 quem
1112 2849 1213 2938 prius,
1239 2849 1317 2916 fecit
1338 2850 1427 2938 ipses
1448 2849 1508 2916 ⁴in

458 2961 636 3041 posterum,
657 2974 695 3020 oo
729 2952 830 3020 etiem
852 2951 910 3018 ¹‘in
936 2957 1140 3040 perpetuum,
1162 2952 1232 3018 fore
1254 2951 1396 3018 eoelesiae
1417 2973 1508 3018 secu·

456 3057 567 3126 riores.
613 3057 660 3123 Et
691 3055 777 3128 eirea
808 3054 1077 3143 impetrationem
1107 3054 1225 3122 hurum
1255 3053 1451 3134 litterarum,
1474 3057 1508 3119 et

457 3181 580 3226 novem
618 3157 940 3226 reoonfirmutionem
978 3156 1141 3224 dicturum
1178 3153 1374 3246 ⁰sexaginte
1406 3155 1508 3224 libra·

457 3283 541 3342 rum,
556 3261 746 3351 exposuisse
759 3260 866 3328 fertur
888 3260 924 3326 in
947 3257 1094 3349 peouniis
1115 3260 1204 3326 ultra
1218 3280 1381 3326 summam
1395 3259 1507 3327 deoem

456 3364 624 3432 librarum

288 3478 381 3530 Auen
503 3467 599 3546 Item,
627 3465 814 3553 jacentibus
841 3464 976 3532 decimis
1005 3462 1173 3532 Peroohiae
1212 3465 1254 3530 de
1283 3466 1393 3532 Luton
1422 3487 1507 3532 seor·

288 3627 381 3758 ierus
458 3670 593 3758 eopiteli
616 3667 708 3736 ⁷loeo
734 3668 1018 3758 ingrengietiouis,
1040 3669 1078 3734 in
1106 3669 1274 3736 utiliorem
1296 3669 1508 3758 propinquio-

288 3741 432 3861 ffiffih
457 3793 591 3859 remque
609 3771 815 3859 quarundam
838 3771 984 3860 partium
999 3772 1177 3846 eorundem
1199 3771 1505 3860 ingrongietionem

289 3876 419 3930 0‘1¹¹¹t011·
457 3874 656 3964 perquisivit
679 3874 844 3962 quoddam
865 3895 1026 3953 mensum,
1041 3896 1109 3940 uno
1130 3894 1206 3942 oum
1224 3874 1336 3941 deoem
1358 3881 1394 3942 et
1415 3871 1507 3963 ⁸sep·

459 3984 527 4045 tem
550 3979 633 4046 aeris
653 3982 751 4044 terroe
774 3976 917 4056 mobilis,
940 3975 1030 4064 apud
1051 3975 1355 4058 Newmiilehende;
1379 3977 1416 4042 in
1442 3998 1507 4065 quo

458 4100 582 4157 menso,
605 4079 676 4147 sive
698 4081 735 4146 in
757 4102 822 4168 quo
850 4079 927 4158 solo,
950 4079 1095 4166 ejusdem
1122 4078 1272 4167 peroellae
1294 4080 1337 4147 de
1359 4079 1507 4166 Fsthyde

457 4188 493 4249 et
527 4182 717 4270 Westhyde,
752 4203 820 4247 une
852 4203 927 4247 oum
961 4180 1105 4268 porcello
1134 4181 1261 4249 villatae
1295 4181 1367 4269 jum
1400 4182 1507 4260 diotoe,

458 4281 638 4372 ⁹poterunt
667 4283 784 4350 utilius
816 4305 916 4370 quem
946 4283 1046 4370 prius,
1081 4305 1120 4349 eo
1153 4284 1254 4350 etiem
1284 4285 1508 4372 propinquius,

458 4385 670 4475 ingreugieri.
726 4386 772 4451 Et
793 4385 880 4453 eires
902 4384 987 4452 hene
1018 4384 1288 4472 perquisitionem
1320 4387 1508 4474 exposuisse

493 4606 701 4660 loordisinMS.
1039 4605 1425 4674 on'ifnotammm„
1557 4658 1565 4670 ι

455 4860 459 4868 ’
493 4785 770 4914 ‘metiendus

493 4925 689 4993 ‘memorum
699 4926 726 4976 in
742 4927 799 4978 ue.

288 3560 409 3662 w&
458 3549 539 3634 sum'
553 3569 631 3635 hino
652 3569 739 3648 inde,
762 3574 797 3635 et
825 3568 906 3634 setis
931 3573 1055 3635 remote
1072 3558 1119 3633 'in
1145 3566 1284 3634 diversis
1313 3565 1465 3656 pertibus
1485 3590 1508 3633 e
1631 3569 1634 3578 '
1768 3533 1769 3568 ³
