3560 5838
659 879 835 931 mrmrmx
860 865 874 951 (
898 864 920 951 ).
1245 860 1311 933 479

304 1065 440 1132 Summo
470 1063 583 1132 totalis
617 1064 763 1130 omnium
796 1062 1057 1149 supradictorum
1091 1083 1226 1128 onerum
1262 1083 1303 1128 so

258 1167 490 1235 beneficiorum
522 1166 652 1253 praefuti
682 1163 957 1231 Reverendissimi
987 1163 1105 1244 Petris,
1141 1163 1299 1230 Willelmi

258 1269 490 1357 Wnlingforde,
512 1269 549 1334 in
576 1269 638 1334 hoo
659 1267 896 1332 Monusterium
921 1264 1175 1332 miserioorditsr
1196 1265 1296 1332 oolla-

259 1376 376 1450 torum,
409 1375 479 1436 tum
513 1371 551 1435 in
579 1369 748 1458 regiminis
777 1387 909 1432 suorum
939 1365 1117 1432 officiorum
1138 1367 1294 1454 tempori·

259 1473 329 1552 bus,
351 1472 512 1554 videlieet,
534 1470 709 1553 Oeilerurii,
731 1469 1030 1548 Archidiseoustus,
1051 1467 1230 1550 Prioretus,
1257 1475 1293 1536 et

260 1573 461 1661 coquinarii,
481 1595 580 1661 quum
602 1573 704 1639 etium
725 1571 761 1636 in
783 1593 852 1637 suae
867 1569 1053 1636 Abbatislis
1068 1577 1103 1638 et
1117 1570 1295 1637 Pustorslis

259 1676 430 1764 dignitatis
454 1675 577 1756 diebus,
593 1679 643 1742 est
658 1679 730 1740 ooto
745 1673 837 1738 milis
851 1671 1033 1739 lserroentae
1052 1673 1154 1752 librae,
1170 1677 1297 1761 septem

257 1779 363 1856 solidi,
378 1783 413 1844 et
431 1798 490 1843 sex
512 1777 645 1844 denarii
690 1777 735 1840 Et
760 1774 797 1839 in
818 1773 965 1840 omnium
980 1775 1211 1860 praedictorum
1232 1780 1296 1842 tes·

260 1881 443 1958 timonium,
458 1884 493 1945 et
512 1878 659 1945 omnium
673 1877 859 1943 futurorum
882 1875 1067 1963 exemplum
1087 1878 1295 1964 praeelurissi·

259 2004 360 2066 mum,
382 2003 452 2064 nos,
467 1981 607 2047 Thomas
629 1979 804 2066 Rsmryge‚
827 1983 907 2044 tuno
921 1977 1022 2056 Prior,
1045 1983 1081 2046 et
1101 2002 1169 2062 nos,
1185 1983 1297 2047 oaeteri

259 2091 368 2171 patres
399 2089 433 2150 et
464 2083 650 2162 eonfrstres,
688 2082 786 2166 hujus
815 2081 1010 2146 Monssterii
1043 2079 1295 2164 Conventunles,

257 2187 384 2253 eunetis
420 2185 614 2250 mortalibus
651 2183 758 2271 sigillo
794 2187 906 2250 nostro
936 2184 1102 2249 oommuui
1136 2185 1294 2252 veraciter

259 2289 488 2378 significamus,
502 2293 537 2353 et
560 2287 707 2352 omnium
728 2289 914 2352 nostrorum
936 2286 1093 2366 unanimi,
1109 2291 1143 2352 et
1165 2309 1300 2356 assensu

258 2391 471 2479 singulorum,
494 2388 626 2476 privetu
647 2388 808 2474 scripture
838 2392 1000 2454 testamur
1021 2388 1090 2454 haeo
1112 2389 1222 2454 omnis
1243 2391 1297 2477 pie

256 2499 294 2560 et
308 2492 493 2580 benigniter
506 2491 548 2556 ab
570 2490 640 2576 ipso
663 2489 761 2554 Putre
784 2487 910 2575 optimo
932 2489 986 2554 hio
1007 2488 1107 2556 fuisse
1129 2491 1292 2578 complete

257 2602 293 2663 et
322 2595 473 2681 perfectu,
496 2613 583 2657 unno
608 2591 742 2656 Domini
771 2589 944 2654 millesimo
973 2590 1295 2678 quadringentesimo

257 2697 452 2784 octogesimo
482 2699 608 2780 quarto,
639 2693 700 2772 die,
723 2692 886 2768 videlieet,
916 2692 1035 2757 mensis
1065 2693 1209 2780 Augusti
1239 2715 1294 2763 oo·

263 2797 364 2866 uve*

304 2903 358 2968 Ex
373 2899 436 2965 hiis
450 2899 554 2986 igitur
568 2895 742 2984 praemissis
763 2894 1025 2962 manifestissime
1047 2917 1178 2963 eernere
1198 2900 1300 2985 possi-

258 3025 340 3083 mus,
363 3021 462 3088 quem
484 2997 575 3064 utilis
597 3002 632 3064 et
654 3018 753 3083 quum
775 2996 959 3062 carissimus
981 3019 1041 3064 suo
1063 2997 1142 3062 olim
1166 2999 1296 3066 Mones-

258 3107 341 3172 terio
363 3101 535 3170 exstiterit
583 3100 765 3186 Espropter
787 3098 921 3164 sineeris
942 3120 1055 3164 onmes
1072 3100 1225 3167 sordibus
1248 3103 1290 3170 ed

259 3207 528 3292 Omnipotentem
549 3201 658 3267 Deum
679 3222 738 3288 pro
768 3221 806 3265 eo
836 3201 1000 3287 precaturi
1030 3201 1157 3268 disset
1187 3209 1299 3270 noctes

256 3306 467 3376 devotissime
488 3305 607 3385 eimus3
629 3307 676 3382 ut,
699 3302 830 3379 seilicet,
854 3301 918 3367 sibi
940 3304 977 3368 in
998 3303 1089 3370 ooelis
1113 3305 1294 3374 mereedem

258 3413 327 3478 suis
348 3409 444 3476 saetis
466 3406 690 3494 dignissimam
711 3404 892 3470 retribuere
914 3405 1075 3493 dignetur.
1121 3406 1239 3474 Amen

609 3687 752 3756 utonem
773 3688 951 3776 eamme.

302 3852 476 3930 ⁸Thomss,
498 3850 611 3915 Abbss
636 3849 835 3926 Monosterii,
858 3848 956 3933 hujus
985 3850 1127 3915 nominis
1157 3849 1298 3917 ⁴seeun-

247 3958 329 4036 ‘dus,
344 3954 417 4022 ³vir
431 3954 496 4019 fnit
509 3953 577 4018 suis
597 3953 633 4017 in
654 3950 856 4038 temporibus
870 3952 1008 4046 dilectus
1021 3957 1092 4016 tem
1107 3951 1178 4017 Deo
1193 3974 1292 4038 quum

296 4221 532 4274 ¹SnomtiinMS.
559 4220 652 4273 seooli.
666 4223 701 4272 rs.
713 4219 755 4271 od.
832 4219 1072 4286 ³Thiseooountis,
1090 4222 1120 4272 of
1138 4237 1243 4288 course,
1258 4241 1306 4276 en·

261 4302 420 4370 -Mnrginal
430 4302 505 4353 Note.
800 4295 1090 4350 teredinslnterbsnd.

293 4379 756 4446 ²'I'histestimonyrrusgiverinthe
833 4375 943 4428 ‘Arbor
964 4378 1074 4429 Thomu·
1101 4378 1141 4429 De
1172 4380 1198 4430 is
1228 4381 1301 4434 Mne

260 4460 375 4513 life-time
386 4460 414 4511 of
424 4460 510 4511 Abbot
517 4458 628 4510 william
634 4459 757 4524 Wnlyng-
801 4455 877 4521 being
887 4455 929 4505 the
939 4455 1001 4505 first.

260 4542 339 4600 forde,
351 4555 378 4591 ss
389 4540 483 4590 herm
499 4537 615 4603 livingin
628 4543 699 4599 1488,
710 4538 759 4587 and
836 4533 885 4586 ‘A
907 4533 1038 4597 repetition
1059 4535 1089 4586 of
1107 4535 1151 4586 the
1172 4537 1302 4589 mter

260 4619 325 4682 died,
341 4617 469 4683 probably,
485 4615 512 4666 in
536 4621 615 4678 1490,
642 4615 756 4666 fourteen
803 4613 878 4678 given
889 4615 919 4665 of
931 4614 1020 4665 Abbot
1031 4613 1142 4666 william
1152 4615 1307 4683 Heywortb,

260 4713 333 4764 years
356 4697 419 4748 nster
440 4697 480 4746 his
503 4695 646 4746 suecession
667 4703 694 4745 to
715 4695 758 4745 the
804 4709 829 4758 p.
840 4699 886 4745 451
902 4701 967 4746 aute.

261 4777 376 4842 Abbsey‚
386 4791 415 4827 ss
425 4776 505 4827 stated
515 4773 542 4824 in
553 4789 618 4840 page
629 4775 676 4825 477
688 4779 750 4824 um.
