3582 5838
449 869 514 942 172
783 889 980 982 enomruuu
1001 889 1159 942 maana

279 1083 348 1136 Ab.
362 1087 434 1137 14⁵5.
446 1081 507 1142 aut
533 1078 624 1157 ostri,
646 1081 706 1143 aut
730 1073 859 1156 'ebeni
882 1082 943 1143 aut
969 1077 1085 1157 eboris,
1110 1077 1253 1158 muricis,
1267 1077 1351 1156 auri,
1366 1077 1420 1144 vel
1444 1101 1495 1144 ar-

446 1178 538 1266 genti
550 1205 558 1260 ;
574 1181 648 1246 ideo
663 1179 833 1246 venientes
847 1180 890 1245 ad
905 1181 1062 1247 lautiores
1076 1179 1372 1269 opulentioresque,
1382 1181 1496 1268 plagas

445 1282 587 1370 regionis
596 1282 769 1363 Australis,
779 1271 964 1350 docuerunt
977 1291 1053 1372 post
1063 1284 1217 1371 proelium
1233 1305 1352 1350 manus
1363 1305 1437 1349 suas
1452 1284 1495 1349 ad

446 1384 596 1471 spolium,
618 1384 740 1472 digitos
761 1407 841 1452 vcro
862 1390 939 1474 post
954 1386 1126 1452 victoriam
1141 1386 1185 1452 ad
1207 1386 1495 1474 depraedationem,

445 1509 506 1553 nec
521 1487 604 1575 Regi
620 1493 798 1573 paroentes,
815 1509 875 1555 nec
897 1489 1093 1576 proceribus,
1117 1510 1177 1554 nec
1192 1488 1290 1576 plebi,
1304 1510 1365 1554 nee
1379 1489 1496 1554 militi-

446 1589 516 1670 bus,
531 1611 592 1656 nee
613 1590 712 1656 alicui
733 1588 861 1656 bomini
882 1590 992 1671 alteri,
1005 1591 1094 1679 apud
1117 1613 1214 1678 quem
1238 1591 1375 1656 materia
1398 1589 1495 1677 spolii

277 1687 419 1788 spobruon
446 1696 576 1777 poterat
609 1693 762 1759 inveniri.
809 1692 928 1780 Sicque
965 1715 1051 1758 unus
1080 1692 1137 1774 ibi,
1169 1693 1258 1759 vasis
1288 1693 1356 1758 suis
1387 1691 1495 1758 aureis

277 1775 423 1852 commacu
445 1794 593 1880 privatus
623 1799 659 1860 ct
682 1797 845 1882 argenteis
877 1793 1055 1882 cogebatur
1087 1817 1161 1860 cum
1185 1793 1389 1860 ²Anacoclea
1402 1795 1493 1881 prin-

275 1841 433 1960 ddetllin’sm
445 1896 523 1982 cipe,
555 1847 602 1962 in,
624 1897 712 1962 vasis
740 1847 854 1962 luteis,
872 1896 981 1962 eibum
1019 1845 1155 1974 subiere,
1186 1896 1299 1963 bibere
1336 1917 1415 1962 vero
1452 1894 1492 1961 de

444 1999 533 2064 vitro
553 1999 658 2078 fictili,
679 1998 750 2064 aive
772 1998 814 2065 de
836 1996 961 2085 ³eipb0
983 1998 1084 2074 fviiis
1106 1999 1214 2087 pretii,
1237 2007 1272 2065 et
1301 1999 1431 2064 minimi
1457 1999 1493 2064 in

443 2101 661 2187 reputatione.

274 2210 424 2262 mansuer
489 2203 544 2268 Ibi
565 2203 659 2285 alius,
676 2203 768 2290 equis
790 2203 958 2290 spoliatus,
981 2208 1016 2269 et
1031 2204 1139 2283 armis,
1154 2202 1336 2292 urgebatur
1349 2202 1493 2282 inermis,

273 2277 346 2330 Μ
444 2311 479 2370 et
500 2305 652 2392 pedester
674 2305 767 2386 alter,
790 2305 883 2373 velut
905 2306 1014 2386 mism,
1028 2306 1072 2371 ad
1086 2304 1158 2371 loca
1180 2305 1331 2372 secedere
1352 2305 1492 2393 propriae

443 2407 669 2488 habitationis,
692 2408 800 2474 tristis
829 2408 927 2496 longe
949 2409 1060 2474 minus
1089 2407 1132 2474 de
1161 2406 1299 2486 amissis,
1323 2428 1422 2492 quam
1451 2408 1492 2474 de

443 2509 563 2576 rubore
586 2514 620 2576 et
642 2510 755 2576 derisu
776 2531 886 2576 seeum
909 2532 1023 2576 rursus
1045 2511 1089 2576 ad
1111 2510 1243 2598 propria
1264 2511 1447 2597 reportatis.

274 2622 375 2674 Audin
487 2611 542 2677 Ibi
564 2633 643 2678 vero
665 2613 792 2692 tertius,
815 2612 857 2678 ab
880 2612 970 2678 omni
992 2611 1164 2679 absolutus
1187 2633 1268 2678 auro
1291 2616 1326 2677 et
1355 2617 1492 2699 argento

273 2691 380 2808 ffi‘f
441 2713 478 2778 in
500 2714 600 2780 bursa
633 2715 687 2781 vel
719 2714 756 2779 in
787 2735 943 2780 crumena
976 2713 1100 2796 habito,
1135 2713 1310 2780 artabatur
1339 2713 1493 2800 pecunias

442 2823 558 2882 mutuo
580 2821 699 2904 petere,
723 2816 843 2903 quibus
865 2815 1003 2882 haberet
1024 2837 1059 2882 se
1081 2816 1124 2881 ad
1150 2816 1283 2904 propria
1305 2816 1492 2894 convehere,

441 2917 541 2986 laetus
562 2919 599 2984 in
621 2941 655 2984 se
682 2919 788 3000 valde,
812 2918 900 3005 quod
922 2918 969 2984 sie
991 2918 1155 2999 evaderet,
1176 2940 1237 2984 nee
1252 2917 1358 3004 majus
1380 2917 1492 2984 ¹⁵dam·

441 3044 521 3088 num
544 3023 721 3110 susciperet
743 3023 780 3086 in
802 3022 894 3086 tanti
918 3021 1078 3107 strepitus
1100 3019 1387 3087 ‘debacchatione

273 3146 430 3210 saporam
487 3123 530 3190 In
559 3129 692 3190 tantum
727 3124 842 3210 utique
873 3123 1018 3190 invaluit
1052 3123 1103 3189 vis
1137 3127 1172 3190 et
1202 3123 1362 3193 violentia
1394 3121 1492 3208 hujus

272 3213 388 3330 {mg
441 3227 648 3315 spoliationis
685 3230 721 3291 et
756 3225 890 3311 repinae,
927 3232 968 3291 ut
1005 3226 1140 3292 tandem
1178 3225 1309 3290 veniret
1346 3247 1413 3290 vox
1449 3224 1493 3290 ud

273 3346 380 3411 prunoet
443 3329 690 3404 Monastcrium
721 3327 805 3392 velle
835 3328 1006 3414 praedones
1037 3328 1118 3402 illuc
1142 3327 1302 3406 accedere,
1324 3334 1358 3393 et
1380 3326 1493 3414 despo-

272 3412 429 3544 ἔξω
441 3431 521 3496 liare
555 3431 671 3517 ipsum
716 3430 868 3516 Veroque
901 3429 1017 3496 fuisset
1049 3429 1120 3496 baec
1150 3451 1226 3511 vox,
1259 3435 1293 3495 et
1322 3429 1436 3506 fidelis,
1464 3430 1493 3494 si

271 3561 310 3614 Its
321 3561 402 3628 „seg
441 3553 649 3619 nequaquam
671 3531 765 3596 miles
796 3531 947 3598 Albanus
977 3537 1131 3598 strenuus
1162 3531 1326 3598 induisset
1359 3553 1394 3597 se
1424 3531 1493 3596 suis

272 3629 412 3747 ‘lwoet‘e'nih‘
441 3635 550 3713 armis,
572 3639 607 3700 et
629 3633 833 3722 opposuisset
856 3655 915 3721 pro
937 3657 998 3700 sua
1019 3633 1154 3700 ccclesia
1171 3633 1321 3721 clypeum
1353 3632 1493 3699 delensi-

271 3711 354 3814 ssi‘ihe
379 3711 412 3746 ⁰⁰
440 3739 520 3804 onis.
566 3738 763 3825 Protegente
786 3737 903 3822 utique
918 3737 1024 3802 milite
1039 3743 1073 3802 et
1096 3735 1276 3822 ⁷Maroyre,
1292 3735 1382 3801 salva
1397 3736 1493 3802 stetit

273 3828 383 3895 Martyr,
439 3862 500 3906 sua
522 3839 663 3918 ecclesia,
688 3838 964 3925 quemadmodum
993 3839 1094 3905 latius
1125 3837 1348 3905 declarabitur
1369 3843 1491 3924 postea,

272 3895 366 3948 Alban.
440 3945 483 4010 ab
507 3943 599 4010 omni
619 3942 717 4030 gravi
739 3941 901 4007 bonorum
924 3940 1105 4029 dispendio,
1129 3961 1187 4006 seu
1209 3940 1454 4028 despoliatione.

473 4209 682 4262 mouerimus.
983 4207 1057 4270 surm,
1067 4208 1108 4259 for
1119 4207 1163 4259 tbc
1176 4209 1290 4262 classical
1301 4213 1316 4239 ‘⁴
1325 4209 1440 4276 erupto?

472 4291 551 4342 ²Tbc
569 4297 639 4356 story
655 4289 686 4340 of
699 4289 863 4354 Agathocles,
878 4289 942 4354 king
1018 4287 1157 4339 ⁴oililiein
1169 4288 1226 4342 MS.

439 4371 468 4422 of
487 4370 575 4437 Sicily,
596 4369 704 4420 miudful
723 4367 753 4418 ol
771 4367 811 4419 his
839 4367 942 4417 huntio
1017 4365 1169 4433 ‘dompnum
1179 4367 1206 4417 in
1218 4368 1276 4420 MS.

439 4449 517 4511 birth,
539 4465 567 4499 as
590 4464 635 4499 son
657 4447 688 4499 of
705 4463 721 4497 a
743 4455 833 4512 potter,
856 4445 886 4508 is,
908 4461 942 4496 no
1019 4445 1198 4496 ‘detractione
1209 4448 1235 4496 in
1247 4448 1304 4498 MS.

439 4531 527 4591 doubt,
537 4529 597 4579 berc
608 4529 707 4579 ulluded
714 4535 749 4577 to.
1019 4524 1188 4575 ⁷Morrr'rcin
1201 4526 1257 4577 MS.

472 4607 571 4674 ³cypto
587 4607 630 4657 the
645 4621 715 4658 more
727 4605 796 4656 usual
813 4603 943 4654 mediuval
