3588 5838
481 901 652 951 nonarum
675 899 958 955 wnmnsusrnna
981 899 1160 949 sacerna.
1297 888 1338 950 59

290 1095 308 1122 “
331 1092 430 1155 textu
451 1090 543 1176 eujus
565 1089 698 1175 quidem
721 1087 831 1166 talliae,
855 1087 963 1152 dictus
985 1086 1106 1166 Abbas,
1122 1107 1181 1172 pro
1197 1107 1235 1153 eo
1251 1085 1340 1173 quod
1355 1093 1424 1145 nl).
1439 1098 1509 1146 1451.

289 1199 306 1226 “
329 1191 400 1279 ipse
422 1193 462 1258 de
477 1193 642 1278 aliquibus
666 1192 872 1258 denariorum
896 1190 1032 1256 summis
1055 1191 1337 1275 provenientibus,

290 1303 308 1331 “
332 1301 392 1360 aut
414 1296 503 1360 dioto
525 1295 670 1360 Domino
686 1295 770 1381 Regi
792 1294 833 1360 de
855 1293 962 1380 prima
977 1291 1155 1358 medietate
1171 1292 1341 1378 praedicte,

291 1407 310 1434 “
334 1398 423 1463 ultra
445 1419 608 1464 summam
632 1398 754 1484 viginti
782 1403 815 1462 et
846 1396 945 1461 unius
967 1395 1138 1475 librarum,
1152 1396 1273 1462 »decem
1306 1401 1340 1462 et

291 1507 310 1536 ‘⁴
334 1507 407 1566 octo
428 1501 616 1578 solidorum,
639 1500 749 1566 decem
773 1499 989 1576 denariorum,
1006 1505 1040 1564 et
1063 1499 1265 1583 quadrantis,
1288 1500 1343 1564 de-

293 1611 310 1638 “
334 1603 445 1680 bitem,
469 1602 577 1666 ²nihil
599 1602 717 1667 habuit
738 1603 775 1666 in
795 1601 947 1667 manibus
962 1601 1030 1666 suis
1045 1601 1134 1666 dicto
1157 1606 1274 1666 octavo
1290 1602 1344 1668 die

293 1713 311 1739 “
336 1705 495 1786 Octobris,
519 1727 747 1790 necunquam
771 1710 885 1792 postea
907 1703 1031 1790 viginti
1053 1709 1087 1768 et
1110 1727 1212 1768 unam
1234 1705 1345 1786 libras,

294 1817 312 1842 “
336 1809 447 1874 decem
470 1813 504 1873 et
526 1814 600 1874 octo
623 1807 753 1886 solidos,
768 1808 879 1872 decem
894 1806 1044 1872 denarios
1067 1812 1102 1871 et
1116 1807 1345 1892 quadrantem,

294 1919 311 1945 “
335 1911 482 1978 residuos
505 1911 603 1976 dictae
617 1932 755 1976 summae
770 1910 992 1996 quadraginta
1010 1915 1044 1974 et
1059 1910 1162 1974 trium
1177 1910 1343 1990 librarum,

294 2021 312 2046 “
335 2013 445 2078 decern
469 2019 503 2078 et
524 2017 651 2098 septem
674 2011 862 2089 solidorum,
878 2019 951 2078 octo
973 2012 1180 2078 denariorum
1196 2019 1230 2079 et
1246 2013 1344 2096 oboli,

295 2123 312 2148 “
334 2115 370 2180 in
395 2116 487 2181 tallia
508 2116 567 2180 illa
589 2120 771 2193 contentos,
792 2115 829 2179 in
852 2115 1003 2180 manibus
1026 2115 1094 2180 suis
1121 2117 1262 2203 propriis
1291 2138 1344 2182 re·

295 2225 312 2250 “
335 2219 448 2296 tinuit,
464 2223 499 2283 et
514 2219 642 2298 habuit,
658 2219 699 2284 de
715 2217 858 2283 denariis
880 2218 921 2284 de
944 2217 1034 2283 dicta
1056 2219 1200 2284 secunda
1222 2219 1344 2284 medie-

294 2325 313 2354 “
336 2325 406 2384 tate
429 2321 709 2405 provenientibus.

342 2427 360 2456 “
382 2422 428 2488 Et
449 2421 596 2500 ulterius,
613 2423 701 2488 idern
722 2423 837 2488 Abbas
860 2423 942 2488 dicit
957 2422 1046 2508 quod
1060 2424 1168 2490 dictus
1184 2425 1346 2512 Dominus

297 2531 315 2558 “
338 2525 412 2590 Rex
445 2547 541 2605 nunc,
576 2548 634 2613 per
659 2526 817 2593 'Litteras
849 2547 925 2592 suas
956 2527 1121 2608 Patentes,
1154 2527 1263 2595 Curiae
1293 2529 1346 2595 hic

299 2635 315 2660 “
339 2633 494 2708 ostensas,
513 2650 651 2714 quarum
674 2630 755 2694 data
777 2633 828 2694 est
850 2629 1108 2696 decimo-octavo
1131 2630 1184 2696 die
1210 2630 1346 2697 Decem·

300 2737 317 2763 “
339 2729 416 2807 bris,
442 2753 530 2796 anno
555 2733 650 2819 regni
673 2733 724 2797 sui
755 2732 909 2797 vicesimo
939 2733 1087 2819 septime,
1113 2735 1257 2800 recitans
1289 2757 1348 2821 per

299 2843 317 2869 “
339 2834 479 2914 eaedem,
504 2857 563 2922 pro
590 2857 628 2900 eo
652 2835 740 2921 quod
763 2835 924 2900 nonnulla
944 2835 1065 2920 jocalia
1094 2841 1129 2901 et
1154 2843 1347 2903 ornamenta

300 2935 534 3001 “dilectorum
561 2937 626 3002 sibi
649 2937 792 3002 Abbatis
819 2942 853 3002 et
879 2937 1071 3003 Conventus
1087 2939 1248 3017 Ecclesiae,
1275 2940 1347 3005 sive

300 3047 317 3072 ‘⁴
340 3039 543 3120 Monosterii,
574 3039 689 3106 Sancti
715 3040 840 3105 Albani
871 3040 1029 3126 praedicti,
1051 3062 1125 3126 quae
1155 3063 1261 3127 nuper
1289 3065 1347 3129 per

300 3149 317 3174 “
340 3143 517 3226 quamdam
539 3143 752 3209 indenturam
775 3143 854 3209 inde
879 3144 1040 3209 intereos
1061 3149 1096 3208 et
1121 3143 1347 3224 Humfridum,

299 3249 445 3331 “nuper
472 3245 598 3312 Ducem
626 3245 847 3325 Gloueestriae,
873 3245 1062 3326 confectam,
1089 3247 1181 3332 cujus
1210 3247 1348 3314 alteram

299 3355 317 3380 “
339 3354 475 3434 partem,
504 3349 610 3438 sigillo
644 3349 795 3436 praedicti
833 3371 939 3436 nuper
975 3349 1077 3415 Ducis
1110 3349 1282 3438 signatam,
1313 3356 1348 3416 et

301 3457 316 3483 “
339 3450 505 3518 carissimo
520 3453 761 3539 consanguineo
781 3452 885 3538 ipsius
901 3452 1036 3518 Domini
1053 3453 1162 3540 Regis,
1179 3455 1346 3521 Willelmo

300 3561 317 3586 “
341 3553 426 3621 Duoi
451 3553 647 3636 Suffolchiae‚
668 3579 707 3622 ac
731 3555 914 3620 venerabili
941 3557 1038 3641 patri,
1057 3555 1225 3622 Willelmo
1249 3559 1347 3645 Epis-

301 3661 317 3688 “
340 3677 419 3743 copo
430 3658 673 3744 Wyntonienei,
684 3679 790 3743 nuper
804 3658 841 3721 in
856 3657 1000 3742 quodam
1015 3663 1170 3739 tractatu,
1183 3681 1241 3746 per
1257 3683 1347 3725 nran-

300 3765 317 3794 “
340 3758 456 3825 datum
472 3761 576 3848 ipsius
592 3761 728 3826 Domini
745 3760 852 3847 Regis,
868 3781 911 3824 ex
934 3765 1029 3847 parte
1052 3783 1113 3825 sua
1135 3783 1208 3826 cum
1226 3763 1347 3828 eisdem

301 3866 317 3896 “
341 3863 472 3930 Abbate
498 3870 534 3931 et
559 3865 733 3930 Conventa
757 3885 817 3950 pro
846 3863 1008 3950 jocalibus
1034 3866 1201 3950 praedictis
1225 3867 1347 3946 habito,

302 3972 322 4002 “
344 3973 518 4049 ostensam,
543 3969 652 4033 dictus
682 3967 846 4032 Dominus
877 3965 951 4031 Rex
981 3967 1179 4052 inspexerat,
1209 3969 1349 4035 liberata

302 4077 319 4102 “
341 4069 475 4136 fuerunt
502 4071 608 4136 eidem
631 4069 717 4134 Duci
741 4067 964 4146 Gloucestriae,
989 4068 1032 4132 ad
1064 4067 1198 4155 ²[opus]
1232 4092 1349 4136 eorun-

301 4178 319 4207 “
343 4173 416 4238 dem
443 4173 587 4238 Abbatis
614 4178 647 4236 et
673 4171 865 4237 Conventus
892 4172 982 4236 salvo
1007 4172 1228 4251 custodienda,
1251 4181 1349 4259 prout

302 4282 319 4308 “
341 4276 448 4341 eidem
474 4275 619 4340 Domino
641 4275 724 4361 Regi
745 4273 919 4339 constabat
942 4295 1000 4361 per
1020 4273 1233 4339 indenturam
1247 4275 1347 4355 illam,

301 4385 319 4414 “
341 4385 416 4465 post
434 4383 576 4444 mortem
597 4378 702 4465 ipsius
724 4399 829 4463 nuper
844 4376 955 4455 Ducis,
972 4399 1030 4463 per
1045 4377 1283 4444 concessionem
1298 4381 1348 4467 ip·

301 4490 318 4514 “
341 4483 409 4546 sius
425 4480 562 4558 Domini
578 4481 685 4568 Regis,
702 4481 744 4545 ad
761 4479 908 4564 Collegia
922 4501 980 4544 oua
995 4479 1118 4566 regalia
1133 4480 1173 4545 de
1188 4483 1298 4548 Etona
1312 4491 1348 4549 'et

298 4591 317 4617 “
340 4583 585 4670 Cantabriggiee
601 4583 816 4662 devenerunt,
833 4581 967 4659 ibidem,
986 4583 1086 4666 juxta
1106 4583 1347 4652 ordinationem

536 4743 541 4748 ,
552 4742 607 4748 --,,
829 4741 907 4746 -—
934 4741 1054 4746 --.
1062 4741 1299 4751 -—-—-——-—--.
1311 4743 1347 4752 -ι-

335 4825 341 4855 ¹
355 4825 429 4875 rrirbil
439 4825 466 4874 in
480 4825 535 4876 MS.
801 4825 805 4890 1
853 4823 863 4854 ²
875 4823 987 4874 Omitted
998 4824 1024 4873 in
1036 4824 1091 4875 MS.
