3560 5838
480 885 547 959 470
759 993 763 1006 Ι
865 903 1043 955 arrnnnrx
1066 888 1080 974 (
1104 889 1126 977 ).

485 1085 696 1174 importunas,
713 1089 783 1175 egit
804 1088 988 1170 instantias,
1012 1089 1075 1155 1ut
1096 1089 1230 1155 tandem
1253 1089 1334 1168 Rex,
1357 1110 1417 1176 per
1438 1090 1526 1154 viam

483 1189 800 1276 recompensationis,
822 1191 997 1278 ampliaret
1025 1192 1213 1257 libertatem
1245 1191 1395 1270 ecelesiae,
1417 1211 1528 1256 eonce-

483 1289 648 1377 deretque,
663 1291 751 1356 inter
773 1297 900 1372 catera,
918 1293 1007 1380 quod
1029 1315 1089 1358 nee
1103 1291 1307 1359 Senesoallus
1329 1292 1530 1370 Marehesiae,

482 1411 543 1456 neo
566 1389 710 1458 Clericus
739 1392 885 1472 Meroeti,
906 1393 1042 1460 haberet
1064 1391 1124 1460 ²in
1144 1398 1310 1482 posterum
1332 1393 1454 1459 dietam
1475 1394 1526 1458 in·

485 1493 578 1582 gredi
604 1494 800 1576 libertatem,
823 1500 883 1561 aut
916 1495 1002 1561 inira
1032 1496 1123 1561 iilam
1154 1495 1296 1583 aliquam
1329 1500 1526 1582 potestatem

484 1615 641 1663 exeruere.
685 1597 731 1662 Et
753 1597 1027 1683 quemadmodum
1051 1619 1110 1685 pro
1132 1598 1207 1684 jure
1228 1603 1263 1662 et
1283 1597 1436 1672 libertate
1458 1619 1529 1662 suae

487 1696 628 1764 eoelesiae
650 1697 793 1764 viriliter
813 1699 932 1786 saepius
954 1720 988 1764 se
1011 1699 1170 1786 opposuit,
1193 1699 1239 1764 sio
1259 1698 1368 1776 etiam,
1391 1697 1454 1763 Dei
1483 1699 1526 1764 ad

490 1799 656 1878 honorem,
680 1804 714 1866 et
737 1800 883 1867 decorem
906 1801 1019 1888 ipsius,
1040 1801 1167 1865 vicibus
1198 1798 1299 1865 variis
1332 1801 1528 1887 quamplura

486 1897 642 1969 fabrioari
664 1901 748 1967 feeit.
795 1902 884 1968 Nam
917 1902 996 1968 dum
1028 1923 1136 1989 sospes
1161 1905 1387 1988 superstesque
1408 1901 1524 1980 fuerat,

486 2001 571 2068 illud
593 2004 759 2090 lapideum
781 2004 1037 2082 tabernaculum,
1059 2004 1146 2091 quod
1176 2025 1235 2090 pro
1253 2025 1355 2074 ‚nuno
1388 2004 1528 2091 erigitur

489 2126 587 2191 super
608 2105 743 2172 Domini
761 2105 863 2172 Dueis
878 2107 1087 2173 Glouoestriae
1109 2107 1351 2194 sareophagum
1374 2105 1527 2172 fabrioari

476 2206 625 2274 faciebat.

528 2309 625 2388 Item,
658 2310 737 2375 dum
769 2308 807 2374 in
838 2308 922 2376 leuto
956 2309 1114 2398 languens
1146 2309 1326 2376 moriturus
1357 2309 1525 2390 decubuit,

481 2409 554 2476 illas
576 2416 651 2497 post
673 2433 707 2477 se
729 2411 864 2498 reliquit
885 2413 1045 2499 pecunias,
1067 2433 1140 2478 oum
1163 2411 1291 2498 quibus,
1314 2433 1356 2476 ex
1377 2433 1437 2476 sua
1458 2411 1524 2476 dis-

482 2513 654 2599 positione,
675 2513 747 2600 ipsa
776 2535 896 2600 magna
924 2535 1089 2602 campana,
1113 2535 1186 2599 quae
1215 2519 1352 2579 vocatur
1373 2513 1524 2579 “Johan-

485 2617 504 2650 “
531 2615 617 2696 nes,”
639 2634 708 2680 una
730 2634 804 2680 oum
826 2615 955 2682 novella
977 2615 1166 2681 vitriatione
1199 2615 1340 2694 claustri,
1363 2617 1527 2702 posterius

480 2715 639 2784 fabricata
661 2716 733 2783 fuit.

529 2817 626 2899 Item,
650 2819 838 2906 priusquam
870 2820 907 2885 in
941 2820 1010 2886 fata
1036 2819 1215 2898 deoederet,
1237 2821 1319 2886 emit
1347 2821 1522 2906 quemdam

481 2943 629 3008 pannum
652 2943 795 3001 aureum,
816 2921 931 2988 coloris
952 2921 1063 3000 blodii‚
1078 2921 1159 2987 eatis
1181 2921 1384 3009 8pulchrum,
1399 2925 1524 3009 ipsum·

482 3045 545 3110 que
579 3024 769 3111 assignavit,
802 3025 838 3088 in
871 3024 986 3090 diebus
1017 3023 1238 3101 funerationis,
1270 3025 1313 3090 ed
1345 3025 1522 3110 jaoendum

485 3147 585 3212 super
605 3147 739 3213 corpora
760 3124 898 3192 fratrum
924 3130 1137 3205 mortuorum,
1159 3127 1433 3213 quemadmodum
1462 3149 1525 3214 pro

475 3247 565 3294 nuno
582 3227 677 3313 jaoet

524 3328 620 3408 Item,
642 3329 847 3417 perdonavit,
871 3329 1042 3408 relaxavit,
1064 3333 1100 3396 et
1121 3329 1323 3418 dispensavit
1345 3352 1418 3396 oum
1434 3330 1523 3397 Con-

478 3434 593 3510 venta,
610 3451 707 3517 super
731 3432 789 3496 illa
810 3431 985 3517 antiquata
1013 3431 1256 3508 eonsuetudine,
1280 3452 1346 3517 qua
1372 3430 1523 3498 solebant

478 3529 597 3596 fratres
622 3553 744 3614 omnes,
767 3533 811 3598 ad
840 3553 986 3599 mensam
1007 3533 1150 3599 Abbatis
1179 3533 1315 3614 evocati,
1339 3554 1434 3599 omne
1455 3555 1525 3599 ser-

482 3631 615 3709 vitium,
646 3655 688 3698 ex
710 3637 804 3719 parte
835 3635 968 3722 propria
998 3635 1045 3701 eis
1074 3634 1231 3712 debitum,
1255 3656 1381 3723 semper
1413 3655 1522 3700 seeum

472 3737 681 3819 oomportere.

519 3833 615 3914 Item,
638 3835 705 3902 suis
743 3837 780 3902 in
813 3837 1024 3926 temporibus,
1047 3839 1130 3904 emit
1163 3843 1315 3904 ornatum
1348 3838 1522 3926 quemdam

477 3933 672 4023 ⁸pulohnum
711 3939 752 4004 de
789 3945 861 4006 arte
892 3940 1045 4020 textoria,
1078 3941 1183 4029 operis
1216 3941 1393 4019 Flendriei,
1431 3941 1526 4026 eujus

475 4059 613 4126 campus
636 4045 730 4107 extat
760 4042 886 4120 viridis,
909 4043 1131 4130 pulverizatus
1161 4043 1312 4109 decenter
1337 4043 1418 4108 satis
1448 4065 1522 4108 eum

475 4141 630 4222 floribus3
657 4143 714 4229 qui
736 4164 795 4230 pro
817 4165 906 4209 nune
927 4145 963 4208 in
982 4143 1102 4230 Majori
1124 4145 1285 4232 dependet
1300 4145 1438 4211 Camere
1451 4143 1523 4209 Ab·

474 4244 569 4323 betis,
597 4267 664 4310 non
687 4245 875 4332 modiceque
898 4247 977 4311 facit
999 4247 1042 4312 ad
1063 4247 1325 4335 peremationem
1347 4247 1457 4335 ipsius

507 4523 679 4574 ¹Libertutenr
710 4523 804 4590 darpit,
831 4525 896 4590 quod
926 4543 969 4577 neo
1021 4527 1108 4578 Sancti
1118 4527 1377 4594 Albana-Margine
1388 4527 1464 4580 Note.

477 4601 632 4653 Sereanallua
642 4603 798 4665 Mamaeae,
806 4620 849 4654 aee
859 4603 970 4656 Clericus
1052 4605 1063 4638 ²
1073 4608 1226 4672 importemus
1236 4606 1264 4656 in
1275 4607 1331 4659 MS

470 4680 590 4744 Merooti,
601 4681 692 4733 tabeat
707 4682 814 4748 aliquam
826 4691 969 4749 potestatem
1052 4685 1178 4750 ’patema
1189 4685 1217 4735 in
1227 4685 1283 4739 ΜΒ.

470 4761 565 4826 iaqredt
575 4761 614 4812 vel
631 4779 743 4814 unone
759 4763 827 4827 infra
837 4762 969 4816 libertatem
