3588 5838
494 927 667 980 sessurus
688 919 972 979 wnurssusrum
989 925 1169 978 ‘SECUNDAE
1314 911 1354 976 91

308 1119 328 1150 “
350 1114 572 1181 occasionibus
593 1114 668 1194 illis,
694 1135 752 1181 seu
774 1135 886 1180 earum
908 1113 1028 1202 aliqua,
1051 1113 1261 1202 pertinentia,
1286 1113 1356 1180 sive
1373 1123 1440 1176 sl).
1456 1129 1527 1176 14⁵2.

225 1255 228 1268 ·
311 1225 327 1254 “
349 1217 542 1305 speetantia
587 1217 725 1284 Proviso
748 1217 857 1299 etiem,
880 1217 968 1304 quod
990 1239 1134 1322 praesens
1156 1219 1360 1306 perdonatio,

310 1327 330 1357 “
351 1322 505 1404 remissio,
529 1322 599 1390 sive
621 1323 793 1404 relaxatio,
816 1327 937 1402 nostra,
959 1344 994 1389 se
1024 1344 1092 1389 non
1125 1323 1285 1390 extendat
1317 1323 1361 1389 ad

311 1433 329 1462 “
351 1425 495 1512 aliquem
516 1425 659 1504 illorum,
674 1426 733 1512 qui
753 1425 957 1492 venerabiles
972 1429 1091 1513 patrea,
1103 1425 1231 1492 1Adam
1256 1425 1364 1493 Oioes-

313 1533 331 1564 “
351 1532 504 1608 oensem,
519 1533 555 1595 et
570 1529 773 1595 willelmum
794 1527 1081 1611 Sarisburiensem,
1097 1528 1282 1617 Episcopos,
1305 1551 1363 1596 seu

313 1635 331 1666 “
353 1650 466 1697 eorum
487 1630 641 1715 alterum,
664 1632 820 1719 nequiter
842 1631 1089 1712 interfecerunt,
1112 1653 1168 1697 seu
1193 1631 1235 1696 ad
1257 1630 1362 1711 illum,

313 1741 332 1768 “
352 1734 407 1798 vel
428 1733 511 1814 illos,
534 1733 592 1821 qui
613 1735 685 1802 neoi
708 1755 830 1814 eorum,
852 1735 907 1800 vel
928 1733 1065 1800 alterius
1087 1755 1209 1812 eorum,
1233 1736 1363 1820 quovis-

314 1842 333 1871 “
354 1835 451 1903 modo
487 1841 632 1924 agentes,
666 1837 837 1918 facientes,
869 1836 1080 1916 auxiliantes,
1114 1837 1362 1915 eonsentientes,

314 1943 333 1974 “
355 1939 409 2005 vel
426 1943 646 2026 pmourantos,
663 1940 857 2006 extiterunt.
896 1939 939 2004 In
953 1939 1046 2026 cujus
1063 1940 1112 2006 rei
1126 1940 1363 2022 testimonium,

315 2049 333 2077 “
355 2041 416 2108 hae
448 2041 595 2109 Litteras
625 2047 756 2109 nostrus
786 2042 860 2109 fieri
891 2042 1027 2108 fecimus
1059 2042 1222 2110 Potentes.
1267 2044 1363 2109 Teste

315 2151 332 2180 “
354 2143 487 2231 meipso,
516 2143 606 2232 apud
632 2143 972 2226 Westmonasterium,
996 2144 1187 2212 duodecimo
1216 2145 1271 2211 die
1293 2145 1363 2211 Au-

314 2253 332 2283 “
354 2247 453 2334 gusti,
475 2269 562 2313 anno
584 2247 679 2336 regni
701 2247 809 2315 nostri
830 2247 1023 2314 tricesim0.”

358 2349 498 2416 Fininnt
520 2350 607 2419 Auta
628 2351 722 2416 Anni
746 2349 860 2432 Primi,
884 2347 1093 2434 'sequuntur
1115 2348 1265 2417 Secundi.

350 2597 454 2648 ¹Adsm
470 2597 576 2660 Melius,
595 2597 688 2664 Bishop
706 2599 738 2648 os
754 2598 815 2651 cni-
893 2595 969 2650 ’sue
983 2597 1038 2649 first
1056 2597 1131 2649 letter
1149 2597 1181 2648 of
1194 2597 1244 2650 this
1255 2602 1326 2650 word
1343 2600 1365 2652 is

316 2676 420 2739 chata,
432 2677 496 2728 alain
506 2677 626 2740 in14493
643 2679 691 2728 aud
701 2677 815 2728 william
860 2677 981 2740 omitted3
1000 2685 1027 2730 to
1043 2679 1075 2729 be
1091 2679 1171 2730 added
1193 2677 1221 2728 in
1238 2677 1364 2730 illumiua-

316 2755 456 2824 Aisoough,
466 2756 561 2824 Bishop
582 2757 613 2809 of
631 2757 772 2824 Salisbury,
787 2756 815 2808 iu
860 2755 923 2809 tion.

319 2841 392 2887 uso.
