3588 5838
470 897 644 948 nonnanis
666 897 950 949 vnmnsusnnnn
971 901 1150 952 succuum.
1273 887 1335 954 109

288 1090 308 1120 “
331 1083 550 1172 ¹Simonequc
580 1085 634 1151 fur
655 1082 835 1168 ²Ananias,
859 1085 920 1152 hoc
951 1093 1009 1166 est,
1033 1087 1117 1152 tales
1146 1085 1264 1152 fratres
1286 1084 1335 1150 di·
1349 1092 1416 1147 ml).
1431 1097 1505 1146 less.

289 1191 306 1220 “
329 1207 409 1268 cere,
432 1187 490 1273 qui
513 1208 720 1274 nequaquam
742 1187 785 1252 ad
807 1210 847 1254 ea
868 1189 1047 1275 respiciunt
1069 1211 1143 1275 quae
1165 1193 1243 1254 sunt
1265 1209 1336 1254 sur-

290 1295 308 1324 “
331 1309 412 1370 sum,
436 1287 559 1356 ³immo
581 1291 699 1372 verius,
723 1291 767 1356 ad
797 1290 855 1355 illa
876 1311 951 1377 quus
972 1296 1051 1357 sunt
1084 1297 1336 1378 superterram,

291 1400 307 1427 “
330 1392 392 1458 sub
421 1398 575 1479 terraque
603 1391 843 1472 ⁴abscondunt,
865 1393 903 1458 in
933 1393 1107 1480 peculium,
1131 1415 1243 1459 mnam
1274 1392 1337 1460 sibi

290 1499 308 1529 “
331 1494 544 1576 commissam,
568 1496 673 1583 magis
702 1516 802 1581 quam
831 1501 1004 1582 apponunt
1030 1494 1073 1562 ad
1102 1517 1249 1562 mensam
1280 1495 1337 1560 do-

290 1606 308 1631 “
331 1597 492 1678 mimicam,
516 1600 552 1663 in
575 1597 780 1664 commodum
804 1619 984 1676 commune,
999 1597 1070 1664 sive
1092 1598 1338 1664 communitatis

290 1707 308 1734 ‘¹
330 1699 623 1788 locupletationem.

334 1808 352 1837 “
374 1802 630 1890 Quinto-quia
660 1802 791 1868 libratis
828 1802 960 1889 pariter,
988 1803 1058 1870 sive
1085 1802 1271 1883 collibratis,
1302 1801 1338 1867 in

290 1909 309 1938 “
330 1909 455 1970 statera
476 1902 687 1971 rectitudinis
713 1904 834 1970 annuis
858 1903 1004 1971 Gamerae
1028 1909 1153 1972 nostrae
1175 1903 1337 1982 oneribus,

290 2015 307 2042 “
330 2029 404 2072 curn
426 2005 610 2074 redditibus
631 2007 743 2094 ipsius,
768 2011 803 2073 et
824 2006 970 2093 receptis,
989 2007 1218 2094 conspeximus
1239 2023 1341 2072 onera

290 2109 432 2196 “ipsius
454 2109 567 2176 debita
588 2115 624 2176 et
645 2115 802 2175 consueta
831 2108 1079 2196 praeponderare
1101 2109 1139 2175 in
1159 2108 1265 2176 multo
1287 2131 1337 2174 ra-

290 2216 308 2246 “
329 2217 425 2299 cepta
445 2211 535 2278 illins
564 2212 719 2292 annalia3
749 2212 798 2278 ita
826 2211 915 2297 quod
940 2231 1149 2298 nequaquam
1180 2211 1339 2278 videntur

289 2323 308 2350 “
330 2315 371 2381 de
399 2337 435 2382 se
463 2313 619 2396 sufficere,
650 2314 773 2401 absque
803 2313 1015 2382 relevationis
1052 2313 1262 2393 adminiculo,
1293 2312 1336 2379 ad

290 2427 308 2452 “
330 2418 591 2506 supportandum
606 2422 733 2483 statum
745 2421 780 2482 et
790 2415 947 2483 honorem
959 2417 1147 2484 Abbatialis
1162 2416 1336 2504 dignitatis

290 2529 309 2556 “
331 2520 427 2587 modo
448 2541 593 2608 congruo
615 2524 650 2586 et
671 2519 838 2605 requisito.

336 2635 352 2660 “
374 2622 609 2710 Sexta-quia
638 2621 886 2690 commoditates
915 2621 981 2688 illae
1018 2621 1164 2710 singulte,
1194 2643 1268 2708 quse
1299 2622 1335 2687 in

291 2739 309 2765 “
331 2728 420 2794 omni
442 2726 634 2793 necessitate
657 2730 692 2791 et
713 2723 866 2812 angustia
888 2722 1039 2790 solebant
1056 2722 1184 2790 Abbati
1206 2745 1338 2790 succur-

290 2841 308 2868 “
329 2853 401 2897 snm
419 2831 628 2916 solamenque
649 2827 865 2915 praeberent,
881 2832 971 2913 puta,
987 2826 1137 2893 venditio
1158 2827 1335 2915 sylvanum,

290 2942 307 2970 “
329 2933 560 3000 ⁵manumissio
578 2930 776 3006 nativorum,
793 2933 827 2994 et
849 2927 978 3005 similia,
996 2927 1067 3012 jam
1090 2934 1226 3006 mssant,
1241 2929 1335 3014 qussi

291 3045 308 3071 ‘¹
330 3036 497 3117 totaliter;
520 3033 601 3121 quia
622 3031 838 3120 praedecessor
852 3030 920 3094 suis
935 3029 971 3096 in
987 3030 1189 3117 temporibus
1204 3035 1336 3096 tantum

290 3147 308 3174 “
329 3137 370 3205 de
391 3137 472 3225 ipsis
493 3136 642 3224 sumpsit,
658 3157 696 3200 ac
711 3133 811 3200 etiam
828 3131 1038 3218 consumpsit,
1054 3131 1144 3218 quod
1165 3153 1233 3198 non
1247 3137 1337 3218 pote

290 3249 308 3274 “
328 3241 439 3317 rimus,
454 3238 632 3305 dnmmodo
647 3259 708 3303 noe
730 3233 920 3311 rexerimus,
942 3233 1027 3300 bene
1049 3233 1177 3320 aliquid
1199 3234 1337 3301 ulterius

290 3351 308 3378 “
329 3363 463 3420 sumere,
486 3347 546 3408 aut
568 3340 610 3410 de
632 3339 753 3406 eisdem
775 3335 879 3415 nobis,
902 3337 939 3401 in
960 3335 1100 3403 articulo
1122 3337 1336 3416 necessitatis,

289 3454 307 3480 “
329 3445 370 3512 de
390 3445 535 3510 remedio
556 3441 737 3531 providere.

332 3557 350 3584 “
372 3547 521 3635 Septimo
542 3544 766 3630 vero-quia,
789 3564 858 3608 non
881 3541 1036 3608 obstante
1058 3543 1155 3628 quod,
1187 3563 1246 3630 por
1275 3542 1337 3608 ali-

288 3661 307 3686 “
328 3649 565 3736 quantillulum
601 3645 758 3734 temporis
795 3666 861 3731 quo
898 3665 958 3709 nos
994 3643 1183 3722 rexerimus,
1222 3645 1336 3712 stricte

288 3763 307 3788 “
327 3753 516 3830 vixerimus,
531 3755 566 3816 et
587 3749 730 3814 multum
752 3767 937 3834 parcenao
958 3746 1144 3832 equitantes
1166 3746 1210 3811 ad
1231 3750 1335 3824 extra,

288 3865 306 3892 ‘¹
327 3877 387 3922 nec
408 3859 568 3943 vagantes
590 3850 804 3930 circumcirca,
827 3847 961 3926 'imma
984 3869 1045 3914 neo
1066 3852 1254 3916 exercentes
1276 3847 1336 3914 ali-

288 3967 306 3993 “
328 3959 416 4044 quod
451 3978 556 4044 genna
588 3975 747 4032 exaesam
778 3951 848 4017 sive
881 3949 1127 4038 superfluitatis
1163 3971 1222 4037 per
1247 3949 1335 4037 quod

287 4060 521 4126 “haberemus
551 4063 677 4124 statum
709 4075 897 4122 consumere
929 4059 1052 4120 nostrae
1084 4051 1253 4140 portionis,
1276 4056 1335 4117 aut

286 4163 361 4228 “in
392 4163 504 4250 aliquo
533 4159 762 4248 depauperare,
792 4154 1028 4222 ⁴'nihilominus
1064 4153 1172 4220 adhuc
1201 4158 1335 4232 stamus,

287 4277 306 4304 “
321 4265 423 4353 juxta
449 4262 607 4332 Officiarii
637 4265 814 4348 compotes,
840 4259 877 4323 in
900 4257 1085 4344 pauperiori
1120 4259 1212 4322 statu
1234 4276 1333 4341 quam

286 4379 306 4406 “
325 4370 417 4458 prius
430 4369 594 4443 stetimus
608 4361 715 4429 mihil
729 4361 869 4449 amplius
891 4358 1052 4428 habentes
1066 4357 1161 4445 quasi
1176 4359 1217 4423 de
1231 4379 1335 4446 grano

319 4603 731 4674 mmmmm-nmmo.
868 4611 1136 4664 *ammanus

318 4689 403 4741 'Acts
412 4707 438 4740 v.
447 4695 472 4740 d.
868 4691 880 4724 ⁶
890 4690 1057 4741 nichilominus
1067 4691 1095 4740 in
1106 4691 1162 4744 MS.

318 4769 329 4802 ³
338 4768 495 4834 yncinMS.
868 4769 966 4820 fricti!
974 4770 1002 4820 in
1013 4769 1070 4821 MS.

320 4849 331 4881 ¹
343 4850 373 4900 In
383 4849 491 4900 allusion
501 4857 529 4902 to
540 4845 663 4899 uuum
673 4863 735 4898 xxv.
747 4851 785 4898 le.
