3588 5838
466 887 642 938 consume
665 889 952 940 wnernsrusrenn
974 891 1151 941 succuum.
1281 879 1320 940 51

276 1080 295 1106 “
317 1095 393 1160 quae
419 1074 482 1162 ipsi
511 1099 616 1164 nuper
649 1076 836 1144 habuerunt
859 1099 900 1143 ex
931 1078 1017 1144 dono
1051 1083 1086 1145 et
1119 1077 1323 1144 concessione
1336 1089 1403 1143 al).
1419 1094 1490 1144 144⁸.

276 1183 294 1210 “
316 1178 468 1262 praedicti
489 1200 595 1266 nuper
612 1179 722 1258 Ducis,
737 1202 864 1247 necnon
887 1185 1011 1247 statum
1035 1186 1069 1247 et
1090 1181 1323 1269 possessionem

275 1280 493 1346 “eorundem
524 1303 612 1348 nunc
634 1282 775 1350 Abbatis
807 1290 841 1350 ct
864 1281 1054 1350 Conventus
1080 1284 1121 1350 de
1144 1289 1179 1350 et
1209 1284 1245 1348 in
1272 1306 1322 1350 ec·

275 1387 292 1415 ‘⁴
315 1383 422 1448 clesiis
436 1385 477 1450 de
491 1383 639 1466 Tinebia‚
655 1385 735 1452 alies
758 1385 846 1452 dicta
866 1385 1048 1465 ‘Tenebia’
1066 1391 1102 1451 et
1117 1385 1322 1472 Manerbyer,

274 1489 294 1518 “
317 1506 399 1570 quas
412 1486 476 1573 ipsi
490 1492 616 1567 tenent,
630 1489 667 1552 in
689 1489 836 1575 proprios
859 1511 937 1555 usus
960 1489 1023 1554 sibi
1039 1493 1073 1554 et
1089 1488 1324 1554 successoribus

275 1591 294 1622 “
316 1588 385 1652 suis
414 1590 568 1656 canonice
597 1590 830 1678 appropriatas,
854 1591 1119 1678 monasterioque
1151 1613 1209 1658 suo
1244 1614 1326 1678 pree·

275 1695 293 1722 “
316 1689 405 1756 dicto
434 1713 599 1774 annexas3
637 1698 672 1760 et
708 1693 868 1772 similiter,
891 1695 933 1759 de
965 1701 1000 1761 et
1033 1695 1070 1759 in
1100 1717 1257 1760 warenna
1291 1697 1325 1759 et

275 1799 292 1826 “
315 1794 517 1879 separalibus
537 1796 683 1883 piscariis
705 1818 789 1884 quas
811 1796 912 1863 iidem
935 1819 1023 1864 nunc
1046 1797 1162 1863 Abbas
1183 1802 1219 1862 et
1239 1797 1324 1864 Con-

273 1899 291 1928 “
314 1901 434 1964 ventus
455 1897 589 1980 habent,
612 1903 646 1964 et
675 1898 796 1964 hebere
818 1900 948 1979 debent,
972 1900 1009 1965 in
1031 1899 1136 1980 terris,
1160 1901 1325 1978 dominiis,

275 2004 292 2030 “
314 1998 426 2078 feodis,
468 2006 503 2066 et
546 2001 807 2088 possessionibus
853 2003 1058 2090 supradictis,
1100 2009 1135 2069 et
1176 2002 1324 2089 qualibet

275 2105 293 2136 “
316 2103 514 2184 eorundem3
540 2109 614 2170 rata
645 2104 811 2184 habentes,
836 2110 870 2172 et
891 2110 994 2194 grata,
1018 2127 1058 2171 ea
1079 2127 1138 2193 pro
1171 2107 1266 2171 nobis
1290 2111 1325 2171 et

275 2212 291 2238 “
314 2204 499 2272 haeredibus
520 2208 651 2286 nostris,
671 2213 832 2294 quantum
855 2209 890 2274 in
913 2209 1007 2275 nobis
1030 2215 1088 2288 est,
1104 2210 1144 2274 de
1159 2210 1269 2297 gratia
1290 2214 1325 2274 et

274 2317 291 2342 “
314 2309 519 2375 avisamento
541 2310 716 2397 praedictis,
732 2311 897 2376 occasione
920 2312 1087 2398 praemissa
1109 2312 1321 2392 ratificamus,

273 2415 291 2445 “
313 2411 542 2497 approbamus,
564 2419 599 2478 et
629 2413 726 2478 dictis
748 2435 837 2478 nunc
859 2414 985 2479 Abbati
1008 2419 1042 2479 ct
1065 2413 1262 2492 Conventui,
1289 2419 1323 2478 et
1420 2473 1427 2488 ,

274 2519 291 2546 “
314 2513 550 2580 successoribus
571 2514 649 2596 suis,
672 2519 787 2581 tenore
809 2517 1032 2603 praescntinm,
1054 2516 1260 2583 concedimus
1290 2521 1325 2581 et

274 2623 291 2650 “
313 2615 551 2716 confirmamus,
589 2622 689 2704 prout
722 2617 881 2699 *chartae
913 2619 1042 2696 litterae,
1081 2623 1117 2684 ot
1154 2619 1321 2704 scriptum,

273 2726 291 2753 “
314 2718 480 2805 praedicta,
494 2719 736 2786 rationabiliter
758 2725 932 2786 testantur.
978 2723 1150 2802 Praeterea,
1173 2721 1322 2786 volentes

274 2829 291 2854 ‘⁴
313 2821 436 2886 eisdem
468 2843 555 2889 nunc
577 2822 704 2908 Abbati
737 2827 771 2888 et
794 2823 984 2889 Conventui
1013 2823 1155 2911 gratiam
1191 2823 1228 2888 in
1262 2822 1324 2887 hac

274 2929 292 2958 “
316 2929 410 3011 parte
440 2923 546 2990 facere
576 2926 777 3022 ampliorem,
801 2925 842 2991 de
875 2925 997 2992 eisdem
1029 2925 1139 3012 gratio
1161 2929 1195 2989 et
1217 2923 1324 2990 avisa-

273 3035 290 3060 “
313 3031 436 3106 mento,
458 3049 496 3093 ac
527 3028 786 3094 consideratione
817 3027 995 3116 praemissa,
1018 3026 1233 3093 concessimus
1264 3047 1323 3112 pro
1385 3043 1388 3050 ’
1503 3029 1507 3037 “

273 3134 292 3164 “
315 3130 411 3195 nobis
442 3137 476 3196 et
507 3130 691 3197 haeredibus
713 3131 842 3214 nostris,
871 3135 1034 3218 quantum
1066 3129 1103 3195 in
1135 3129 1231 3195 nobis
1264 3133 1322 3210 est,

273 3232 437 3298 “eisdem
468 3254 557 3299 nunc
585 3233 712 3299 Abbati
744 3239 779 3300 et
801 3233 998 3312 Conventui
1021 3237 1055 3298 et
1086 3231 1322 3298 successoribus

273 3342 292 3368 “
315 3335 383 3400 suis
405 3336 579 3422 praedictis,
602 3335 786 3422 quodlicet
811 3337 883 3424 ipsi,
907 3357 964 3402 seu
987 3335 1238 3422 praedecessores
1261 3335 1320 3412 sui,

273 3441 292 3472 “
315 3436 426 3522 aliqua
452 3438 505 3504 vel
535 3438 701 3524 aliquibus
723 3437 948 3519 donationum,
972 3439 1225 3517 concessionum,
1247 3459 1322 3503 con·

273 3543 292 3572 “
314 3539 550 3622 firmationum,
581 3541 782 3618 libertatum,
812 3539 1078 3618 franchesiarum,
1105 3545 1139 3606 et
1171 3540 1321 3626 quietan-

273 3649 290 3675 “
314 3642 447 3725 ciarum,
471 3647 531 3708 aut
557 3642 696 3708 aliorum
725 3643 763 3706 in
794 3642 892 3708 dictis
915 3640 1061 3708 ²cbortis
1083 3647 1321 3720 contentorum,

273 3751 291 3778 “
313 3745 426 3831 aliquo
456 3767 531 3812 casu
554 3750 747 3833 emergente,
771 3745 931 3810 hactenus
961 3745 1058 3832 plene
1079 3745 1132 3810 usi
1161 3767 1229 3810 non
1252 3744 1321 3811 sue-

273 3853 291 3881 “
313 3847 392 3929 rint,
407 3849 462 3914 vel
477 3849 581 3932 abusi,
598 3849 661 3936 ipsi
684 3854 806 3928 tamen,
823 3853 858 3913 et
873 3869 1071 3914 successores
1087 3848 1140 3913 sui
1162 3847 1321 3934 praedicti,

272 3953 291 3984 “
313 3950 370 4026 eis,
392 3955 428 4015 et
450 3973 563 4017 eorum
586 3951 743 4037 quolibet,
768 3950 810 4016 de
840 3955 956 4017 caetero
982 3950 1077 4037 plene
1098 3950 1266 4036 gaudeant
1288 3953 1322 4014 et

273 4059 290 4086 “
313 4056 454 4118 utantur
476 4051 534 4120 ⁸in
565 4059 769 4142 perpetuum,
800 4053 871 4118 sine
902 4053 1068 4118 occasione
1098 4052 1152 4117 vel
1185 4051 1323 4138 impedi-

273 4161 290 4189 “
313 4158 428 4220 mento
448 4156 554 4222 nostri
569 4156 624 4221 vel
646 4155 813 4222 haeredum
836 4161 1033 4235 nostrorum,
1048 4153 1323 4232 Justiciariorum,

272 4262 291 4294 “
315 4258 536 4341 Esceetorum
554 4259 803 4338 Vicecomitum,
826 4263 886 4324 aut
908 4259 1047 4323 aliorum
1070 4257 1266 4322 ballivorum
1290 4261 1324 4321 et

273 4368 291 4397 “
315 4361 543 4428 ministrorum
565 4367 754 4430 nostrorum
769 4381 1047 4449 quorumcunque.
1091 4359 1141 4424 Ac
1155 4381 1224 4437 nos,
1238 4359 1324 4424 ulte-

275 4467 292 4498 ‘⁸
314 4465 384 4532 rius
398 4465 541 4552 gratiam
555 4465 704 4554 praefutis
721 4486 809 4530 nunc
824 4464 951 4530 Abbati
966 4469 1000 4530 et
1017 4462 1205 4530 Conventui
1219 4463 1323 4528 facere

306 4753 315 4786 ¹
327 4761 403 4804 cortoe
414 4754 441 4805 in
452 4753 510 4807 MS.

308 4832 319 4866 ²
330 4835 408 4884 cartis
418 4834 445 4884 in
453 4833 510 4886 MS.
