3640 5842
509 903 682 954 rosarius
703 901 989 954 wnnrssusrunn
1012 901 1189 953 sncuunn.
1301 883 1368 958 :³47

283 1105 286 1114 ’
322 1098 339 1129 “
361 1091 492 1159 executi
513 1095 610 1158 erant
622 1113 631 1171 3
660 1090 772 1179 igitur,
804 1094 843 1156 ut
874 1088 990 1156 similis
1018 1087 1239 1156 venerationis
1268 1107 1370 1154 reme-
1383 1107 1451 1160 al).
1466 1111 1537 1162 use.

322 1199 341 1230 “
362 1193 621 1280 morationisque
651 1193 696 1259 sit
724 1192 878 1280 Princeps
900 1213 959 1279 pro
981 1213 1070 1258 nunc
1094 1191 1129 1255 in
1153 1190 1232 1257 solio
1250 1189 1369 1277 judicii

321 1303 339 1332 “
360 1297 514 1377 residens,
551 1295 651 1361 simili
688 1295 785 1361 modo
822 1299 971 1360 exerceat
1007 1295 1044 1359 in
1077 1293 1181 1360 dictos
1223 1292 1372 1359 dominos

360 1421 775 1581 lloeQndsartbi‘ldiceJuxta
797 1501 964 1566 decretum
982 1499 1069 1586 juris
1091 1499 1246 1578 canomci,
1269 1500 1372 1566 nimia

323 1611 340 1640 “
362 1605 470 1670 venia
503 1603 645 1670 facilitas
682 1602 772 1690 parit
802 1603 1009 1668 incentivum
1047 1601 1266 1688 delinquendi,
1297 1625 1372 1668 cum

323 1707 421 1772 “ubi
451 1706 517 1772 cito
548 1702 764 1792 transgressio
794 1705 987 1784 remittitur,
1009 1704 1057 1769 ibi
1088 1705 1154 1770 cito
1188 1704 1373 1792 regreditur

322 1815 342 1845 “
364 1810 407 1874 ad
429 1813 578 1890 reatum;
611 1806 831 1894 citissimeque
854 1813 923 1872 tam
945 1829 966 1872 a
996 1807 1071 1888 fide,
1094 1827 1194 1892 quam
1221 1807 1323 1872 etiam
1352 1831 1373 1872 a

323 1918 342 1948 “
364 1909 535 1991 fidelitate,
562 1910 778 1976 deviatur.-‘
793 1909 1027 1991 Misereamur‚’
1059 1907 1170 1994 inquit
1207 1908 1374 1995 Propheta

324 2022 341 2048 ‘¹
363 2011 761 2092 1Ysaias,0‘misereamur
782 2013 893 2099 impio,
917 2015 951 2076 et
972 2033 1040 2077 non
1062 2011 1166 2078 discet
1180 2011 1284 2078 facere
1301 2013 1373 2098 jus-

324 2121 342 2150 “
367 2115 513 2196 ‘titiam
528 2121 559 2180 ct
574 2112 709 2181 omarus
754 2113 873 2201 Igitur,
888 2135 930 2178 ne
951 2115 1127 2201 proniores,
1151 2115 1220 2180 sive
1242 2137 1372 2202 promp-

324 2225 341 2253 “
364 2218 472 2296 tiores,
494 2217 563 2283 sint
585 2217 641 2282 isti
663 2215 800 2282 Domini
822 2214 880 2280 2in
911 2220 1077 2303 posterum
1110 2217 1155 2283 ad
1182 2217 1372 2300 recidivum,

325 2328 343 2354 “
364 2325 473 2384 servet
489 2319 644 2406 Princeps
667 2319 800 2406 planam
823 2320 912 2383 viam
930 2317 1093 2404 justitia:
1117 2325 1160 2398 et,
1181 2325 1222 2385 ut
1244 2320 1375 2386 dicatur·

326 2419 502 2486 “ulterius
533 2421 569 2485 in
600 2422 668 2486 suis
693 2420 829 2506 judiciis
851 2421 920 2488 fore
942 2421 1067 2498 beatus,
1089 2421 1254 2488 custodiat
1283 2423 1373 2510 judi-

325 2532 342 2560 “
364 2525 460 2605 oium,
484 2528 519 2588 et
549 2525 650 2590 faciat
668 2523 837 2609 justitiam
858 2523 896 2588 in
918 2523 1121 2611 temporibus
1147 2525 1223 2591 suis.
1278 2527 1374 2591 Beati

325 2635 342 2663 ‘⁴
365 2631 443 2691 sunt
457 2648 580 2706 omnes,
604 2623 805 2690 8Psalmista
819 2630 911 2704 teste,
928 2625 985 2711 qui
1000 2626 1191 2692 cristodiunt
1201 2627 1372 2713 judicium,

326 2733 345 2763 “
367 2733 402 2793 et
423 2727 549 2794 faciunt
566 2726 736 2813 justitiam
758 2728 793 2791 in
815 2728 1078 2814 omnitempore.

368 2837 387 2864 “
411 2829 548 2910 Quinto,
583 2829 750 2907 sia-Si,
794 2835 922 2896 remota
962 2830 1106 2916 justitia,
1152 2831 1245 2896 nulla
1280 2833 1375 2899 fieret

324 2939 344 2969 “
366 2933 497 3020 punitio
519 2937 635 2998 contra
658 2931 771 2997 taliter
793 2933 1031 3018 delinquentes
1055 2938 1190 3020 propter
1214 2935 1374 3000 demerita

326 3039 344 3070 ‘⁴
366 3057 433 3112 sua,
448 3037 528 3100 tunc
548 3057 609 3100 nec
624 3034 699 3099 Rex
721 3033 849 3099 sederet
863 3038 958 3099 tutus
980 3034 1016 3098 in
1039 3035 1129 3112 solio,
1144 3057 1204 3101 nec
1220 3037 1375 3124 Princeps

328 3136 486 3222 “jaceret
517 3158 648 3202 securus
685 3136 722 3200 in
754 3135 913 3216 cubiculo
945 3134 1077 3217 *immo
1115 3159 1176 3203 nec
1205 3138 1286 3204 Dux
1315 3145 1375 3206 aut

327 3245 346 3274 “
369 3239 531 3304 Dominus
545 3239 582 3304 in
597 3243 703 3303 castro
719 3237 839 3304 sivein
855 3241 1000 3304 manerio
1015 3261 1074 3304 suo
1088 3264 1097 3320 ;
1111 3238 1234 3308 “immo
1256 3243 1375 3324 verius,

327 3349 345 3376 “
366 3341 406 3405 ad
431 3341 538 3405 instar
552 3340 727 3417 Damoclis‚
743 3340 860 3404 subtus
882 3340 993 3428 gladio
1007 3340 1043 3405 in
1059 3363 1171 3408 mensa
1193 3344 1374 3426 residentis,

328 3451 345 3478 “
367 3442 497 3508 assidue
519 3442 582 3507 sub
613 3443 732 3507 timore
764 3462 894 3528 magno.
942 3442 1082 3508 Remota
1115 3445 1203 3509 enim
1233 3446 1374 3531 justitia,

328 3544 417 3609 “nil
451 3544 541 3608 aliud
575 3549 655 3608 sunt
688 3565 797 3631 regna,
832 3545 1010 3610 secundum
1043 3547 1279 3634 Augustinum,
1311 3551 1375 3616 nisi

329 3655 345 3682 “
368 3668 488 3733 magna
518 3645 698 3723 latrocinia,
720 3645 799 3728 sive,
821 3651 861 3711 ut
894 3653 1111 3734 congruenter
1133 3650 1212 3715 addi
1244 3653 1375 3738 poterit,

329 3755 348 3784 “
370 3748 548 3836 proditiosa
562 3748 810 3834 prodigiosaque
834 3749 1101 3836 conspiramenta
1148 3752 1265 3839 Igitur,
1281 3753 1377 3819 Prin·

328 3857 346 3885 “
368 3871 451 3936 ceps,
474 3853 513 3914 ut
535 3849 657 3914 nedum
686 3849 728 3913 ab
758 3849 831 3930 hiis,
854 3849 1060 3936 ⁵quinimmo
1082 3854 1125 3918 ab
1155 3854 1305 3920 omnibus
1335 3857 1377 3921 si-

329 3960 347 3989 “
368 3951 511 4030 milibus,
534 3949 697 4016 habeatur
718 3951 815 4037 plena
837 3953 1003 4031 securitas,
1026 3953 1087 4019 fiat
1109 3955 1209 4020 etiam
1231 3955 1267 4020 in
1296 3958 1376 4044 ipsis

328 4054 465 4141 “plena
482 4052 616 4139 justitia
637 4052 674 4116 in
697 4051 812 4116 diebus
834 4054 908 4118 tuis.

374 4157 516 4222 “Sexto
553 4154 781 4233 vero-Quia,
809 4155 898 4220 inter
936 4159 1046 4223 omnia
1076 4159 1157 4224 scita
1195 4159 1375 4242 Oanonnm,

330 4265 348 4294 ‘¹
371 4258 501 4337 decreta
516 4256 723 4334 Pontificum,
738 4257 874 4322 Petrum
891 4259 1083 4338 sanctiones,
1100 4261 1376 4332 Constitutiones·

331 4367 432 4446 “que
464 4361 711 4448 Imperatorum,
745 4380 812 4424 non
842 4365 893 4426 est
925 4359 981 4426 lex
1012 4363 1137 4448 aequior
1171 4365 1247 4447 ulla,
1277 4390 1375 4454 quam

365 4645 372 4678 ¹
384 4645 472 4696 leniat
482 4646 550 4696 xxvi.
564 4652 602 4696 10.
911 4646 920 4678 ⁴
929 4664 984 4710 ymo
995 4647 1021 4697 in
1033 4649 1087 4699 MS.

366 4725 640 4791 timpormminlls.
909 4726 1041 4791 ⁵quinpm0
1052 4728 1144 4782 inus.

366 4838 377 4868 Β
387 4803 472 4854 Penta
483 4804 530 4854 cri.
543 4810 567 4854 3.
