3560 5838
439 923 504 984 418
772 933 968 982 nsorsrsuu
989 932 1147 982 Assaria

274 1137 343 1189 Ab.
357 1142 429 1188 1461.
441 1127 458 1154 “
481 1119 548 1184 suis
565 1118 697 1204 juribus
719 1126 754 1184 et
775 1119 985 1204 pertinentiis
996 1117 1237 1199 ;-babendum
1253 1121 1289 1182 et
1303 1117 1484 1182 tenendum

431 1228 459 1268 v“
481 1221 607 1286 dictum
629 1220 825 1299 Prioratum,
846 1241 920 1286 eum
941 1220 1093 1286 omnibus
1115 1219 1183 1286 suis
1200 1219 1333 1306 juribus
1356 1223 1390 1284 et
1412 1239 1486 1306 per-

440 1332 457 1358 “
478 1323 638 1402 tinentiis,
661 1322 810 1411 praefatis
839 1321 988 1389 Johanni
1014 1327 1048 1388 et
1071 1321 1269 1404 Conventui,
1296 1325 1332 1387 et
1361 1340 1485 1387 succes-

441 1435 459 1462 ⁴‘
481 1424 609 1491 soribus
639 1425 716 1502 suis,
747 1447 814 1490 una
847 1446 921 1490 cum
954 1425 1107 1491 omnibus
1137 1423 1244 1502 terris,
1276 1421 1486 1498 tenementis,

440 1534 457 1562 “
479 1527 671 1608 redditibus,
693 1527 846 1608 servitiis,
869 1527 1039 1606 fiuctibus,
1066 1526 1228 1614 proficuis,
1250 1526 1406 1604 exitibus,
1430 1525 1486 1590 de-

442 1635 460 1664 “
481 1629 581 1706 cimis,
606 1629 836 1708 oblationibus,
865 1629 1122 1709 reventionibus,
1145 1627 1386 1706 annuitatibus,
1407 1646 1487 1714 pen·

439 1739 457 1764 “
478 1731 634 1809 sionibus,
656 1731 870 1818 portionibus,
886 1732 1043 1820 apportis,
1058 1731 1166 1812 rebus,
1187 1730 1331 1817 juribus,
1360 1735 1395 1796 et
1417 1728 1484 1817 pri·

442 1841 458 1868 “
480 1833 618 1922 vilegiis,
633 1833 860 1921 spiritualibus
883 1839 918 1900 et
946 1833 1193 1922 temporalibus,
1217 1831 1484 1920 possessionibus,

442 1942 459 1971 “
480 1936 650 2023 homagiis,
680 1935 909 2016 fidelitatibus,
938 1937 1079 2018 releviis,
1109 1936 1213 2002 feodis
1228 1935 1384 2013 militum,
1412 1956 1486 2024 per·

440 2045 458 2074 “
480 2038 712 2123 quisitionibus
745 2038 928 2115 Cumarum,
963 2039 1236 2106 advocationibus
1268 2038 1485 2115 ecclesiarum,

364 2167 366 2174 ’
442 2147 459 2173 “
480 2138 708 2218 ¹vicariarum,
729 2140 936 2227 capellarum,
959 2145 994 2206 et
1024 2139 1258 2228 Hospitalium‚
1283 2138 1484 2216 francbesiis,

442 2247 459 2276 “
480 2241 697 2322 libertatibus,
736 2242 986 2320 reversionibus,
1015 2243 1224 2323 molendinis,
1255 2242 1364 2321 curiis,
1399 2239 1484 2322 letis,

440 2345 606 2410 “visibus
628 2344 925 2432 franciplegiorum,
954 2345 1099 2424 escaetis,
1130 2344 1262 2426 wardis,
1292 2343 1486 2430 maritagiis,

439 2454 456 2482 “
478 2446 593 2524 boscis,
603 2447 776 2526 warennis,
792 2447 1015 2527 forisfacturis,
1031 2447 1138 2525 moris,
1154 2447 1312 2525 mariscis,
1325 2445 1486 2534 piscariis,

440 2557 457 2582 “
479 2551 594 2636 pratis,
615 2548 752 2636 pascuis,
783 2551 934 2637 pasturis,
957 2550 1080 2629 waifes,
1111 2555 1246 2636 strayes,
1275 2547 1484 2636 infangthief,

438 2659 455 2685 “
478 2650 755 2740 oughtfangthief,
784 2673 873 2719 anno
896 2652 951 2718 die
984 2657 1019 2718 et
1040 2658 1144 2730 vasto,
1176 2651 1305 2718 catallis
1327 2650 1485 2728 felonum‚

439 2757 513 2819 “et
538 2753 764 2840 fugitivorum,
798 2760 833 2821 et
861 2755 1095 2842 utlagatorum,
1122 2758 1158 2820 et
1190 2753 1337 2820 felonum
1368 2753 1410 2818 de
1441 2773 1485 2829 se,

439 2859 457 2889 “
479 2854 670 2939 deodandis,
693 2865 728 2922 et
750 2856 902 2922 omnibus
924 2857 999 2922 aliis
1021 2856 1176 2943 proficuis
1207 2860 1242 2922 et
1271 2853 1485 2922 commodita-

440 2957 570 3022 “tibus
593 2958 682 3026 dicto
704 2958 869 3024 Prioratui
890 2958 1003 3046 aliquo
1025 2958 1123 3024 modo
1145 2957 1399 3045 pertinentibus,
1415 2958 1485 3022 sive

441 3065 459 3093 “
481 3062 716 3148 spectantibus,
740 3061 821 3128 adeo
844 3061 939 3148 plene
962 3065 997 3128 et
1018 3061 1149 3148 integre
1171 3061 1258 3128 sicut
1279 3082 1340 3128 nos
1362 3083 1403 3126 ca
1426 3060 1486 3127 ha-

440 3167 458 3197 “
479 3162 639 3243 heremum,
679 3186 738 3230 seu
774 3163 895 3229 habere
932 3163 1133 3243 deberemus,
1170 3163 1199 3229 si
1237 3185 1276 3229 ea
1312 3163 1349 3228 in
1382 3185 1485 3228 manu

439 3266 458 3296 “
479 3270 594 3330 nostra
615 3271 802 3332 teneremus
813 3290 822 3347 ;
844 3265 967 3352 absque
989 3265 1100 3352 aliquo
1122 3265 1201 3331 inde
1221 3265 1326 3344 nobis,
1341 3265 1396 3331 vel
1416 3265 1486 3332 lrae·

439 3370 457 3400 “
480 3367 614 3433 redibas
642 3369 773 3448 nostris,
806 3368 971 3447 solvendo,
1002 3368 1057 3434 vel
1086 3368 1196 3454 aliquo
1226 3371 1377 3456 compoto
1406 3367 1485 3433 inde

441 3473 459 3502 “
476 3468 584 3550 nobis,
605 3471 661 3537 vel
682 3471 870 3538 haeredibus
900 3471 1031 3554 nostris,
1053 3471 1228 3549 reddendo,
1252 3492 1289 3536 eo
1312 3471 1399 3558 quod
1426 3491 1484 3536 ex·

438 3575 457 3604 ‘¹
479 3591 591 3658 pressa
612 3573 738 3640 mentio
760 3573 798 3638 in
827 3573 1047 3661 presentibus
1076 3572 1118 3639 de
1140 3595 1218 3640 vero
1232 3573 1343 3638 valore
1373 3593 1485 3638 annuo

440 3677 458 3705 “
481 3671 563 3738 dieti
585 3674 764 3758 Prioratus,
784 3698 858 3742 cum
881 3675 950 3741 suis
967 3675 1100 3762 juribus
1122 3680 1158 3741 et
1179 3675 1388 3763 pertinentiis
1410 3675 1484 3744 uni-

439 3781 457 3808 “
478 3775 590 3858 versis,
613 3782 673 3843 aut
703 3777 815 3864 aliquo
846 3782 984 3858 statuto,
1008 3783 1094 3858 actu,
1122 3799 1180 3844 seu
1209 3777 1425 3856 ordinatione,
1447 3777 1484 3842 in

437 3885 455 3912 “
477 3879 678 3946 contrarium
699 3880 805 3960 factis,
820 3903 888 3948 non
910 3881 1128 3947 obstantibus.
1175 3879 1218 3947 In
1232 3879 1326 3966 cujus
1347 3881 1396 3946 rei
1418 3885 1484 3946 tes-

439 3987 456 4016 “
479 3981 663 4062 timonium,
685 3985 745 4049 has
760 3985 904 4050 Litteras
918 3989 1049 4050 nostras
1072 3983 1143 4050 fieri
1157 3983 1293 4050 fecimus
1316 3983 1481 4049 Patentes

438 4084 573 4152 “Teste
603 4087 736 4175 meipso,
762 4087 851 4174 apud
881 4086 1223 4167 westmonasterium,
1249 4087 1405 4153 vicesimo
1430 4107 1480 4152 se-

434 4191 453 4220 “
475 4190 583 4254 eundo
606 4189 659 4255 die
681 4189 880 4270 Decembris,
904 4211 993 4256 anno
1015 4189 1109 4278 regni
1130 4189 1238 4257 nostri
1260 4186 1396 4277 primo.'’

828 4477 837 4510 ¹
849 4479 1004 4528 vicurecrum
1014 4477 1042 4528 in
1054 4477 1114 4530 MS.
