3668 5842
445 872 509 935 254
777 882 973 934 nemaeum
995 881 1154 934 assurim

278 1072 462 1125 Ml1⁴5w¹
484 1068 617 1146 tionem,
633 1064 771 1152 alicujus
793 1065 980 1155 praebendae
996 1087 1055 1134 seu
1071 1064 1331 1154 praebendarum,
1346 1064 1489 1132 ecclesia

445 1180 461 1206 “
483 1193 541 1238 seu
572 1170 786 1249 ecclesiarum,
818 1169 990 1257 hospitalis
1024 1191 1082 1236 seu
1118 1168 1340 1256 hospitalium,
1378 1168 1491 1234 liberae

444 1283 461 1310 “
484 1273 616 1361 capelle
637 1271 691 1339 vel
720 1271 898 1339 liberarum
928 1271 1135 1360 capellarum,
1156 1271 1364 1339 collationem
1394 1269 1492 1338 officii

444 1384 461 1412 “
483 1398 540 1442 seu
572 1375 757 1456 officiorum,
780 1379 840 1440 aut
870 1374 1044 1441 creationis
1067 1374 1229 1440 dictorum
1252 1373 1490 1452 officiariorum,

444 1487 462 1514 “
484 1479 574 1545 dicto
595 1478 701 1566 primo
717 1477 781 1557 die,
797 1499 856 1544 seu
878 1477 990 1564 aliquo
1006 1482 1153 1564 tempore
1175 1476 1268 1558 citra,
1284 1475 1380 1542 vobis
1402 1497 1491 1563 spec-

444 1588 461 1617 “
484 1582 589 1664 tabat,
612 1603 726 1649 vacuae
748 1581 824 1660 sint,
848 1585 882 1647 et
911 1580 1035 1646 nullius
1057 1579 1188 1667 vigoris,
1211 1599 1317 1665 neque
1347 1578 1491 1646 effectus.

445 1692 463 1721 “
487 1685 533 1750 Et
554 1685 702 1764 ulterius,
718 1682 806 1771 quod
829 1682 1027 1748 omnimodae
1049 1681 1270 1749 concessiones
1284 1702 1342 1768 per
1356 1703 1416 1746 vos
1430 1680 1492 1747 ali-

445 1793 463 1822 “
486 1786 539 1853 cui
561 1808 708 1873 personae
729 1807 787 1852 seu
809 1785 956 1872 personia
973 1785 1013 1850 de
1028 1784 1137 1871 aliquo
1160 1782 1274 1862 officio,
1288 1805 1346 1850 seu
1367 1782 1492 1864 officiis,

445 1899 463 1926 ‘¹
485 1912 560 1976 quae
582 1891 718 1956 fuerunt
741 1886 846 1954 officia
871 1887 961 1954 dicto
983 1887 1091 1974 primo
1110 1875 1173 1964 die,
1196 1885 1360 1967 velante,
1383 1891 1419 1952 et
1439 1907 1492 1952 ae·

446 1999 463 2027 “
485 1991 573 2058 tuale
605 1990 798 2058 exercitium
830 1989 953 2056 eisdem
985 1993 1112 2076 spectet
1143 1992 1178 2053 et
1199 1987 1337 2075 indiget,
1360 1992 1421 2053 aut
1450 1987 1491 2053 de

445 2102 462 2128 “
484 2093 587 2159 feodis
610 2103 644 2159 et
666 2091 773 2158 vadiis
795 2091 917 2158 eisdem
940 2090 1173 2177 spectantibus,
1188 2090 1232 2155 ad
1253 2089 1442 2156 habendum
1456 2090 1492 2154 in

444 2204 462 2232 “
483 2195 580 2261 feodo
601 2194 751 2281 simplici,
767 2215 826 2259 seu
840 2194 877 2258 in
891 2193 986 2258 feodo
1009 2192 1147 2274 talliato,
1170 2192 1281 2278 aliquo
1295 2192 1403 2274 modo,
1417 2192 1492 2258 nul-

445 2303 462 2333 “
484 2297 694 2384 liusvigoris
715 2316 821 2383 neque
843 2296 978 2364 effeetus
1000 2295 1154 2373 existam,
1176 2294 1242 2360 nisi
1262 2295 1493 2362 tantummodo

445 2407 463 2435 “
484 2421 544 2487 pro
567 2399 708 2466 termino
722 2399 804 2465 vitae
825 2398 937 2486 ipsius,
959 2396 1013 2463 vel
1034 2397 1187 2484 ipsorum,
1209 2395 1272 2476 cui,
1288 2397 1341 2463 vel
1364 2397 1491 2486 quibus,

444 2508 461 2538 “
484 2501 602 2587 aliquae
632 2499 822 2587 hujusmodi
858 2499 1077 2568 concessiones
1113 2498 1210 2566 factae
1246 2499 1400 2564 existant
1446 2499 1494 2565 Et

318 2683 320 2690 Ι
445 2611 464 2640 “
486 2604 574 2692 quod
587 2624 700 2669 omues
715 2601 934 2673 concessiones
956 2601 997 2668 de
1019 2600 1143 2666 talibus
1165 2599 1287 2680 officiis,
1303 2597 1414 2688 qua'lia
1436 2599 1493 2666 ille

447 2713 462 2742 “
485 2706 605 2773 nobilis
628 2705 793 2793 Princeps,
817 2703 1022 2782 Humiridus,
1037 2725 1145 2791 nuper
1166 2703 1257 2784 Dux¹
1270 2701 1493 2785 Glouoeetriae,

445 2815 462 2844 “
484 2831 589 2896 nuper
611 2807 796 2877 avunculus
818 2811 936 2888 vester,
957 2807 999 2872 de
1020 2805 1225 2884 concessione
1234 2810 1359 2884 uestra,
1373 2805 1493 2872 habuit

444 2919 460 2946 “
483 2919 517 2979 et
539 2911 720 3002 occupavit,
743 2933 818 2997 quse
841 2908 947 2978 officia
967 2909 1104 2979 fuerunt
1126 2931 1184 2997 per
1205 2929 1266 2976 vos
1291 2908 1392 2978 alicari
1420 2931 1493 2997 per·

443 3020 460 3049 “
484 3037 581 3095 sonae,
597 3036 654 3080 seu
669 3014 825 3102 personis,
840 3013 879 3078 in
892 3013 964 3078 vita
986 3035 1046 3078 sua
1060 3033 1219 3090 concessa,
1242 3011 1404 3078 habendis
1417 3001 1493 3100 post

442 3126 460 3154 “
483 3140 579 3184 suum
610 3117 777 3186 decessum
804 3115 860 3182 vel
888 3120 1036 3194 mortem,
1058 3135 1173 3181 vacuae
1195 3114 1274 3197 sint,
1302 3120 1339 3180 et
1366 3114 1491 3180 nullius

444 3226 462 3255 “
484 3221 627 3288 effectus.
676 3221 727 3286 Ac
749 3218 860 3296 etiam,
875 3217 963 3303 quod
978 3217 1176 3284 omnimodae
1190 3215 1410 3284 conoessiones
1434 3238 1493 3305 per

443 3328 461 3358 “
483 3345 550 3403 vos,
574 3344 632 3388 seu
655 3322 798 3406 aliquam
822 3319 922 3386 aliam
956 3339 1136 3406 personam,
1166 3319 1222 3384 vel
1248 3339 1410 3405 personas,
1434 3341 1493 3407 per

314 3487 319 3495 .
444 3426 643 3512 “Magnum
673 3421 827 3510 Sigillum
858 3426 1016 3504 vestrum,
1039 3420 1213 3488 Privatum
1237 3419 1403 3509 Sigillum,
1434 3443 1492 3488 seu

444 3525 639 3612 “Sigillum
671 3525 820 3591 Ducatus
850 3523 955 3590 vestri
992 3523 1200 3610 Lancastriae,
1234 3524 1320 3590 citra
1349 3523 1492 3610 primum

444 3633 460 3662 “
483 3626 700 3709 diemfactae,
723 3627 764 3692 de
786 3625 897 3712 aliquo
913 3625 1164 3704 vicecomitatu,
1179 3630 1239 3692 aut
1261 3626 1373 3713 aliquo
1387 3625 1492 3696 officio

444 3737 462 3766 “
484 3728 748 3807 vicecomitatus,
771 3727 824 3794 vel
846 3727 986 3813 alicujus
1008 3727 1200 3810 Escaetoris,
1222 3750 1280 3794 seu
1310 3729 1351 3794 de
1381 3729 1493 3816 aliquo

445 3840 463 3869 “
485 3831 590 3900 officio
613 3831 805 3910 Escaetoris,
822 3829 941 3898 Clerici
963 3831 1061 3917 pacis,
1075 3830 1130 3896 vel
1151 3829 1291 3916 alicujus
1313 3829 1492 3900 ballivatua

443 3943 461 3973 “
484 3959 542 4004 seu
564 3933 791 4022 wapentachii,
808 3933 903 3999 vobis
918 3932 1153 4020 spectantibus,
1169 3955 1228 4020 pro
1243 3933 1386 4000 termino
1400 3936 1490 4024 vitae,

444 4039 538 4106 “vel
570 4037 712 4104 termino
734 4057 907 4115 annorum,
932 4034 1031 4103 alicui
1061 4056 1215 4122 personae
1247 4057 1306 4104 seu
1336 4039 1491 4124 personis,

442 4151 460 4181 “
482 4163 596 4210 vacuae
609 4141 685 4220 sint,
701 4145 736 4206 et
750 4139 875 4205 nullius
890 4137 1034 4206 effectus.
1084 4138 1134 4207 Ac
1149 4139 1259 4219 etiam,
1275 4140 1364 4226 quod
1378 4163 1492 4208 omnes

394 4234 396 4238 ¹
443 4253 460 4279 “
482 4243 700 4333 possessiones
722 4248 757 4309 et
777 4241 1003 4322 relaxationes,
1026 4263 1084 4328 per
1105 4263 1165 4308 vos
1186 4241 1283 4310 fnctae
1305 4241 1406 4312 alicui
1421 4243 1494 4312 Ab·

443 4355 460 4383 “
482 4347 562 4426 bati,
593 4346 708 4424 Priori,
737 4343 792 4411 vel
820 4344 921 4410 alicui
950 4343 1048 4410 alteri
1077 4365 1233 4432 personae,
1265 4344 1307 4411 de
1336 4367 1493 4414 exonus-

444 4459 461 4486 “
482 4451 582 4530 tione,
603 4445 816 4548 relaxatione,
839 4451 874 4513 et
896 4445 1230 4534 quieta-clamatione,
1255 4447 1297 4514 de
1326 4448 1493 4536 aliquibus

444 4559 462 4589 “
483 4550 639 4622 corrodite
669 4571 727 4618 seu
757 4548 912 4633 corrodio,
935 4549 1091 4636 pensione
1113 4571 1171 4616 eeu
1191 4549 1414 4637 pensionibus,
1436 4551 1494 4620 de·

443 4663 460 4692 “
482 4655 577 4723 cimis
597 4652 834 4742 spiritualibus,
869 4655 930 4718 aut
963 4651 1248 4739 quintis-decimis,
1271 4672 1331 4726 seu
1358 4653 1493 4723 decimis

444 4768 462 4795 “
483 4756 726 4846 temporalibus,
740 4755 811 4824 sive
832 4753 874 4822 de
888 4753 1078 4826 collectione
1100 4753 1279 4824 eorumdem
1301 4755 1491 4826 reddituum
