3668 5842
452 873 517 936 298
783 883 982 936 nnmsrsuu
1005 885 1161 938 lsssrm

283 1083 439 1137 A..D1458.
496 1075 541 1139 Ει
574 1073 640 1138 biis
673 1073 778 1152 dictis,
800 1073 933 1139 recessit
956 1094 1059 1160 usque
1092 1074 1137 1140 cd
1169 1079 1315 1140 oestrum
1338 1095 1435 1138 suum
1457 1073 1499 1138 do

282 1163 440 1284 Ξξξῇξξω
451 1174 730 1256 Berklrsmstede3
752 1175 864 1261 ibique
879 1176 1061 1292 permansit
1075 1197 1181 1263 usque
1194 1177 1239 1242 ed
1261 1181 1409 1263 tempora
1423 1197 1498 1242 con

283 1297 362 1350 tonis
451 1278 656 1346 cordationis.
701 1277 974 1345 Concordstist
935 1301 958 1344 u
959 1279 1051 1365 tique
1085 1279 1145 1344 sub
1178 1283 1267 1344 certe
1295 1284 1499 1365 oppunctue·

282 1363 423 1483 ξξξξξοῖ
450 1380 549 1460 tione,
565 1380 767 1468 perlongum
788 1379 1048 1468 laboriosumque
1070 1380 1335 1459 sollicitudinem,
1349 1382 1500 1469 pertibus

284 1500 361 1558 seue,
372 1499 422 1547 ιιι
450 1483 556 1562 dictis,
578 1483 912 1571 promittentibusque
935 1505 969 1550 se
988 1488 1076 1550 stare
1098 1484 1206 1563 loudo,
1230 1483 1370 1561 decreto,
1393 1488 1428 1550 et
1449 1506 1499 1548 ιι-

282 1537 431 1682 ffissfiff
450 1587 560 1667 bitrio,
581 1588 718 1655 Domini
741 1588 848 1675 Regis,
871 1588 969 1654 offuit
990 1589 1143 1676 protinus
1165 1589 1327 1655 Dominus
1349 1589 1432 1667 Rex,
1453 1594 1497 1669 et,

283 1698 343 1750 tion
450 1695 525 1779 post
546 1713 652 1779 peuce
673 1690 748 1756 ab
738 1692 818 1778 ipsis
840 1691 1094 1778 interrogatorio
1116 1691 1159 1757 de
1180 1690 1299 1756 stando
1328 1711 1388 1757 suo
1411 1690 1498 1757 erbi-

449 1794 523 1872 trio,
545 1793 625 1859 tulit
647 1793 823 1859 arbitrium
846 1816 951 1872 suum,
973 1795 1009 1858 in
1031 1793 1097 1860 hiis
1119 1793 1285 1860 verbis.—

282 1926 332 1976 His
345 1928 437 1988 md,
495 1905 511 1932 “
528 1894 538 1933 ¹
553 1897 725 1973 Henricus,
748 1897 811 1962 Dei
833 1895 951 1982 grstia,
976 1896 1050 1961 Rex
1071 1896 1205 1983 Angliae
1228 1904 1264 1962 et
1288 1895 1449 1974 Franciae,
1463 1899 1498 1962 et

301 2059 307 2071 .
451 1997 654 2065 “Dominus
677 1997 858 2077 Hiberniae,
881 1998 1035 2064 omnibus
1058 1998 1101 2064 ed
1131 2020 1212 2085 quos
1235 2003 1413 2086 praesentes
1441 1998 1496 2064 lit-

308 2075 365 2176 vg
450 2107 470 2140 “
491 2107 572 2168 terae
593 2106 716 2168 nostrae
738 2101 958 2188 pervenerint,
981 2100 1129 2168 sulutem.
1174 2102 1228 2166 Ex
1250 2123 1316 2187 quo
1339 2100 1424 2188 Ipse,
1439 2099 1497 2186 qui
1589 2171 1591 2180 Α

339 2277 356 2310 n
373 2259 427 2298 ..·
450 2209 468 2241 “
489 2204 601 2270 omnic
622 2203 665 2270 sd
686 2225 780 2270 susm
802 2203 1078 2290 {complacentium
1109 2202 1243 2270 ordinat
1271 2207 1306 2269 et
1340 2203 1496 2289 disponit,

450 2310 548 2394 “per
577 2329 674 2393 quem
697 2327 789 2393 reges
810 2310 960 2394 regnunt,
982 2327 1025 2376 ex
1047 2305 1204 2372 influenti
1230 2310 1265 2372 et
1287 2303 1497 2372 2ιιιιιιιιιιιιι

449 2417 467 2446 “
487 2409 596 2496 grstia
617 2429 686 2488 suo,
708 2409 811 2486 nobis,
828 2429 871 2474 ex
887 2407 1032 2474 naturali
1054 2413 1168 2474 nostre
1189 2409 1352 2496 progenie,
1369 2407 1498 2474 dederit

449 2518 467 2548 “
489 2533 549 2578 nos
572 2532 708 2598 regnare
730 2531 829 2597 super
849 2510 1000 2576 subditos
1021 2514 1158 2590 nostros,
1182 2508 1400 2598 intelligimus
1413 2530 1497 2576 onus

448 2622 465 2650 “
488 2619 523 2680 et
552 2634 664 2680 euram
689 2634 820 2679 annexa
842 2613 942 2678 dictae
963 2612 1090 2699 grctiae,
1114 2633 1190 2698 ques
1213 2611 1415 2701 compellunt
1437 2633 1496 2678 nos

449 2722 466 2753 ‘⁴
489 2715 662 2782 intendere
683 2717 726 2782 ed
751 2714 1028 2802 tranquillitatem
1059 2721 1094 2780 st
1123 2714 1403 2781 conservationem
1424 2735 1496 2801 reg·

450 2826 607 2886 “norum
631 2822 850 2885 etterrsrum
878 2820 1075 2898 nostrorum,
1098 2837 1167 2882 non
1193 2819 1325 2882 tantum
1356 2816 1394 2880 in
1419 2812 1498 2882 ³de·

451 2927 468 2958 “
490 2921 637 2989 fensione
675 2921 827 2999 exterius,
866 2919 923 2986 sed
960 2919 1004 2984 ad
1041 2919 1281 3006 providendum
1310 2940 1370 3006 pro
1407 2919 1497 2985 senis

450 3031 467 3060 “
490 3025 727 3092 directiones
749 3021 908 3111 regimine
932 3021 1110 3088 eorundem
1131 3020 1279 3089 interius.
1324 3022 1369 3087 Et
1391 3023 1496 3088 consi-

449 3133 468 3165 “
491 3127 707 3194 dersmusin
672 3127 864 3213 insapient
865 3125 898 3190 ιι
927 3128 1049 3202 nostre,
1072 3124 1168 3190 nobis
1188 3145 1247 3211 per
1269 3123 1377 3190 Deum
1407 3124 1496 3206 dats,

450 3238 467 3267 “
490 3231 602 3317 quod
592 3252 629 3295 m
643 3230 775 3295 unitate
797 3229 951 3316 perfecto,
967 3227 1149 3309 concordis,
1164 3231 1200 3293 et
1219 3248 1299 3292 vers
1321 3226 1496 3294 dilectione

449 3343 466 3369 “
487 3333 576 3399 inter
595 3331 755 3409 subditos,
769 3331 978 3418 requiescunt
999 3329 1199 3418 prosperitas
1222 3335 1255 3396 et
1276 3330 1364 3396 bone
1383 3331 1495 3396 velen-

447 3442 466 3473 “
488 3435 538 3500 ιιι
560 3432 735 3519 cujuslibet
758 3440 875 3513 terres;
907 3436 942 3498 et
973 3432 1010 3497 in
1032 3452 1176 3509 roncore,
1200 3431 1339 3512 debetis,
1362 3453 1400 3498 ec
1430 3433 1495 3499 dis-

449 3544 467 3573 “
490 3535 602 3601 cordia
635 3535 724 3600 inter
754 3535 851 3621 ipsos,
875 3538 1013 3599 manent
1035 3534 1204 3600 subversio
1227 3539 1261 3599 et
1284 3535 1381 3599 ruina
1410 3535 1496 3621 ejus-

448 3644 468 3674 “
490 3637 574 3719 dem,
598 3642 774 3724 eousstque
807 3637 979 3724 quodlibet
1010 3657 1149 3724 regnum
1182 3637 1229 3702 sic
1253 3637 1397 3702 divisum
1427 3657 1496 3703 esse

448 3748 467 3775 “
489 3739 680 3806 desolatum.
730 3739 983 3806 Consideremus
1005 3738 1106 3804 etiem
1129 3739 1257 3805 nobiles
1279 3739 1406 3806 fructus
1421 3740 1495 3804 uni-

448 3849 465 3879 “
487 3842 577 3922 totis,
601 3841 731 3922 amoris,
753 3842 887 3929 requiei,
910 3846 944 3907 et
968 3840 1063 3927 pecie,
1079 3863 1161 3927 quas
1184 3841 1324 3928 quilibet
1346 3843 1496 3930 princeps

447 3953 466 3982 “
488 3951 623 4011 tenetur
644 3965 826 4030 procurare,
848 3943 1005 4021 severare,
1028 3950 1063 4008 et
1092 3943 1243 4009 stabilire
1272 3945 1361 4010 inter
1383 3945 1496 4010 subdi-

448 4059 466 4086 “
488 4054 565 4130 tos;
588 4053 623 4114 et
646 4047 734 4134 quod
756 4046 827 4112 sine
849 4047 987 4127 unitate,
1003 4045 1186 4128 dilectione,
1201 4052 1235 4113 et
1256 4069 1345 4133 pace,
1368 4047 1496 4114 Auctor

447 4158 463 4188 “
486 4149 604 4217 solutis
640 4170 705 4216 non
744 4155 855 4236 potest
892 4148 1003 4214 debite
1034 4148 1190 4214 venerari.
1247 4149 1385 4237 Propter
1414 4171 1495 4237 quus

447 4263 465 4289 “
487 4253 768 4330 considerationes,
784 4257 818 4316 et
840 4251 882 4316 sd
905 4250 1101 4316 evitandum
1123 4250 1205 4316 telio
1219 4250 1495 4332 inconvenientis,

446 4364 463 4392 “
486 4377 559 4442 quae
581 4353 708 4440 insequi
730 4357 868 4440 possunt
890 4373 932 4418 ex
952 4351 1170 4419 varietatibus
1193 4357 1227 4418 et
1243 4352 1422 4433 discordiis,
1438 4375 1495 4419 ex-

418 4464 465 4555 ¹“
487 4457 568 4524 ortis
601 4455 688 4522 infre
718 4454 810 4521 istud
841 4460 992 4521 nostrum
1015 4475 1163 4542 regnum,
1184 4454 1222 4520 in
1244 4455 1377 4542 speciali
1406 4457 1495 4524 inter

480 4754 490 4786 ¹
502 4751 566 4805 'Ibit
575 4750 657 4801 initisl
667 4751 740 4802 letter
749 4749 772 4800 is
783 4751 944 4800 ormmenred
1025 4747 1036 4780 ²
1047 4746 1198 4798 intendenti
1207 4748 1234 4798 in
1245 4749 1301 4800 MS.

445 4831 702 4896 vimmcerywork.
1027 4827 1227 4892 ldescuoioncin
1239 4828 1296 4880 MS.
