3588 5838
463 921 639 972 consume
661 918 950 970 wnmnlnsrunn
971 915 1148 970 secusne.
1276 904 1316 966 35

269 1114 288 1142 ‘¹
311 1107 535 1194 ‘ponderibus
550 1114 584 1174 et
599 1108 762 1174 mensuris
777 1105 1008 1173 conservandis
1022 1102 1207 1190 assignatis,
1220 1120 1319 1187 quam
1331 1107 1399 1161 AD.
1413 1113 1484 1162 1440.

269 1213 287 1243 “
311 1217 446 1276 ‘coram
476 1211 724 1298 quibuscunque
754 1210 827 1275 eliis
857 1209 1067 1288 Justicieriis,
1091 1205 1261 1283 officiariis,
1284 1207 1319 1268 et

270 1317 289 1346 ‘⁸
314 1313 507 1394 ‘ministris
538 1315 669 1392 nostris,
702 1319 735 1379 ct
765 1313 933 1379 haeredum
964 1315 1159 1390 nostrorum,
1182 1312 1253 1373 tem
1282 1306 1318 1370 in

270 1421 289 1450 “
314 1418 515 1502 ‘praesentia
539 1423 663 1499 nostra,
693 1421 728 1482 et
757 1415 928 1482 haeredum
957 1418 1154 1490 nostrorum,
1170 1431 1267 1497 quem
1283 1408 1320 1472 in

269 1525 288 1552 “
312 1517 487 1584 ‘absentie
516 1523 639 1599 nostra,
670 1523 705 1585 et
726 1519 894 1584 haeredum
917 1521 1113 1592 nostrorum,
1143 1512 1202 1579 ubi
1232 1513 1320 1598 ipsos

269 1625 290 1655 “
313 1620 486 1688 ‘homines
508 1634 543 1688 et
565 1625 727 1702 tenentes,
750 1620 931 1687 residentes
952 1619 1007 1685 vel
1037 1639 1105 1683 non
1131 1614 1320 1692 residentes,

269 1730 287 1756 “
312 1729 370 1788 ‘et
384 1725 466 1790 alios
487 1725 676 1804 residentes,
699 1724 841 1802 villatas,
863 1729 899 1789 et
923 1721 1125 1799 ¹hundredu,
1148 1719 1321 1808 praedictos

270 1835 288 1862 “
314 1826 416 1892 ‘fines
430 1828 537 1894 fecere
551 1829 606 1894 vel
620 1829 740 1906 fecisse,
755 1825 926 1892 amerciari
941 1826 995 1891 vel
1009 1824 1200 1889 amerciatos
1215 1821 1321 1902 firisse,

269 1935 287 1962 “
311 1929 447 1994 ‘exitus
468 1929 654 1996 forisfecerc
676 1929 731 1996 vel
756 1928 958 2010 forisseoisse,
989 1949 1047 1993 scu
1069 1947 1202 2004 annum,
1226 1925 1322 2002 diem,

270 2035 287 2065 ‘⁴
311 2036 477 2112 ‘vastum
494 2037 672 2120 streppum,
696 2032 927 2108 forisfacturas,
950 2029 1130 2108 deodande,
1154 2026 1322 2106 ”murdre

194 2195 198 2202 .
270 2139 289 2168 ‘¹
312 2138 321 2168 ‘
336 2139 396 2199 aut
405 2134 536 2212 felonia,
545 2135 735 2222 hujusmodi
749 2133 941 2220 adjudicari,
952 2131 1007 2198 vel
1018 2131 1207 2218 adjudicata
1215 2129 1324 2209 fuisse,

270 2241 288 2268 “
311 2245 320 2270 ¹
335 2236 477 2323 contigit
499 2237 570 2302 eive
585 2237 770 2324 eontigerit,
785 2237 822 2301 in
837 2237 1007 2316 firturum3
1024 2255 1099 2320 quae
1114 2234 1203 2312 fines,
1220 2253 1325 2298 amer-

270 2345 289 2374 “
311 2339 508 2419 ‘ciamente,
533 2338 782 2427 redemptiones,
813 2339 932 2416 exitus,
959 2359 1075 2418 annus,
1096 2335 1174 2417 dies,
1201 2339 1324 2416 vastus,

270 2445 290 2476 “
312 2446 514 2529 ‘streppum
530 2441 752 2522 forisfacturae,
769 2441 948 2523 deodanda,
959 2439 1133 2506 thesaurus
1157 2438 1324 2516 inventus,

271 2551 291 2579 “
313 2549 373 2609 ‘et
402 2565 572 2622 wreccum,
602 2546 644 2610 ed
675 2567 735 2612 nos
765 2550 800 2611 ct
829 2545 973 2610 heoredes
1003 2547 1133 2608 nostros
1162 2541 1326 2630 pertinere

271 2655 289 2681 “
312 2647 463 2733 ‘possint
486 2651 521 2712 et
544 2648 709 2727 deberent,
724 2647 753 2712 si
774 2647 898 2714 eisdem
920 2645 1048 2712 Abbati
1069 2651 1104 2710 et
1127 2643 1327 2720 Conventui,

271 2753 293 2784 “
315 2753 374 2812 ‘et
388 2749 625 2815 successoribus
640 2749 717 2828 suis,
733 2770 882 2816 concessa
897 2770 964 2814 non
984 2749 1131 2814 fuissent
1177 2746 1224 2811 Et
1239 2743 1327 2831 quod

273 2857 293 2884 “
317 2850 404 2937 ‘ipsi
427 2855 463 2916 et
484 2872 679 2918 successores
701 2852 753 2918 sui
767 2852 877 2918 omnic
892 2855 926 2916 et
941 2850 1069 2936 singula
1091 2847 1248 2935 praedicta
1269 2846 1327 2911 hs-

272 2957 291 2987 “
315 2961 323 2986 ‘
338 2953 440 3019 beant
449 2959 489 3034 ,et
503 2955 686 3043 percipiant
697 2955 733 3019 in
744 2955 850 3021 forma
861 2953 1028 3040 praedictu.
1063 2948 1131 3017 ³Et
1142 2950 1230 3037 quod
1244 2949 1329 3014 bene

274 3060 292 3090 “
316 3055 438 3120 ‘liceat
460 3055 583 3122 eisdem
605 3057 734 3124 Abbati
757 3061 792 3122 ct
814 3055 1011 3135 Conventui,
1034 3059 1069 3120 et
1094 3050 1329 3120 successoribus

273 3163 292 3190 “
316 3159 415 3236 ‘suis
446 3159 557 3224 omnia
587 3159 747 3246 praedicte
775 3159 867 3236 fines,
893 3157 1152 3236 amerciamenta,
1179 3155 1329 3240 redemp-

273 3267 291 3294 “
314 3259 454 3339 ‘tiones,
493 3261 611 3339 exitus,
644 3259 819 3343 forisfacto,
854 3259 1110 3338 *forisfacturas
1149 3256 1329 3338 deodanda,

274 3373 293 3401 “
315 3371 323 3397 ‘
339 3361 553 3430 ⁵thesaurum
568 3365 751 3446 inventum,
764 3385 935 3446 wreccum,
949 3368 983 3430 et
998 3364 1109 3431 omnia
1123 3384 1197 3449 quae
1212 3361 1256 3427 ad
1270 3383 1331 3427 nos

273 3471 291 3501 ‘¹
317 3470 376 3531 ‘ct
390 3466 537 3533 haeredes
551 3474 682 3534 nostros
697 3467 738 3533 de
754 3468 851 3533 dictis
873 3488 968 3545 anno,
991 3466 1053 3548 die,
1068 3471 1172 3546 vestu,
1188 3471 1330 3552 streppo,

276 3575 295 3602 “
317 3576 327 3602 ‘
342 3569 493 3649 murdris,
503 3574 539 3635 et
552 3569 692 3651 feloniis,
709 3573 873 3657 pertinere
894 3571 1028 3657 possint,
1040 3591 1099 3657 per
1109 3569 1197 3657 ipsos
1212 3573 1247 3634 et
1260 3567 1330 3632 bel-

274 3678 293 3707 “
317 3670 433 3749 ‘livos,
458 3677 492 3737 et
523 3673 693 3739 ministros
723 3695 809 3754 suos,
831 3673 951 3754 levare,
973 3674 1144 3759 percipere,
1172 3671 1330 3758 colligere,

274 3781 294 3810 “
317 3779 376 3839 ‘ct
398 3774 527 3854 hebere,
550 3781 585 3842 et
608 3778 730 3864 seipsos
745 3778 782 3841 in
797 3777 949 3844 seisinem
966 3776 1045 3842 inde
1064 3796 1194 3863 ponere,
1211 3773 1332 3859 absque

277 3881 298 3910 “
322 3874 540 3957 ‘leelumnia
562 3879 782 3967 impetitione,
804 3880 859 3946 vel
885 3879 1121 3966 impedimento
1146 3877 1261 3954 nostri,
1277 3875 1333 3940 vel

277 3987 295 4018 “
318 3977 512 4045 ‘haeredum
548 3986 745 4060 nostrorum,
784 3981 1023 4058 officiariorum,
1053 3978 1332 4056 Justiciariorum,

277 4086 297 4114 “
320 4087 377 4147 ‘et
399 4082 634 4163 ministrorum,
657 4090 856 4166 nostrorum,
879 4085 934 4150 vel
957 4083 1123 4150 haeredum
1147 4086 1331 4147 nostrorum

278 4189 297 4218 “
321 4189 329 4217 ‘
351 4185 593 4270 praedictorum,
609 4209 647 4253 cc
662 4186 801 4254 aliorum
818 4186 842 4252 J
844 4187 1095 4267 usticieriorum,
1112 4185 1334 4262 Escaetonm,

278 4295 298 4322 “
322 4286 596 4368 ‘Vicecomitum
631 4289 881 4369 Ooronetorum,
914 4289 1087 4376 majorum,
1125 4287 1334 4366 ballivorum,

314 4508 462 4562 ¹hundreda
475 4519 524 4562 wer
540 4511 662 4579 predicta
675 4515 743 4578 fines
759 4515 785 4564 in
833 4509 914 4564 levari
922 4529 971 4579 per
982 4514 1103 4563 ministros
1114 4509 1336 4575 scon-Marginal

279 4588 337 4641 MS.
836 4593 1009 4644 NoteinMS.

311 4669 434 4720 'murdre
450 4709 457 4722 .
477 4708 483 4721 .
503 4709 509 4721 .
529 4669 657 4722 dacum
668 4673 787 4734 incastus,
869 4672 879 4704 ⁴
884 4671 1060 4737 forisfactum
1071 4671 1098 4720 in
1109 4670 1165 4722 MS.

279 4747 786 4817 omittedinthecopyinAmrmdeshem.
870 4751 1140 4800 ⁵ttesaoreeievencu
1152 4749 1178 4800 in
1190 4749 1247 4800 MS.

311 4829 322 4860 ³
335 4829 405 4879 Noto
416 4831 485 4895 qued
499 4830 558 4882 bene
569 4831 625 4883 licet
635 4831 728 4884 Attae
741 4850 788 4882 one
871 4829 1032 4896 ⁶0a1umpeia
1042 4829 1070 4880 ln
1082 4830 1139 4882 MS.

279 4910 496 4978 nauprodictcc
505 4913 687 4977 forisfacturae
699 4913 789 4978 fucere
1185 4979 1205 5041 2
