3588 5838
480 910 653 960 JOHANNIS
676 909 962 958 wnnruuusrnns
986 909 1164 958 sucorum.
1303 895 1346 956 13
1398 948 1401 956 .
1468 925 1470 931 ·
1524 983 1527 990 Ι

300 1097 510 1163 “commode
544 1099 709 1176 interesse,
731 1101 868 1185 excepto
902 1096 1020 1162 Fratre
1043 1094 1204 1168 Nicholao
1227 1095 1430 1174 Bonde,A.D.
1444 1111 1516 1160 1⁴⁶2.

300 1207 318 1234 “
342 1201 410 1286 qui,
432 1200 525 1288 gravi
548 1201 702 1266 detentus
728 1199 932 1280 infirmitate,
960 1200 1110 1284 jacuerat
1132 1197 1291 1285 languens
1314 1198 1351 1262 in

301 1309 320 1338 “
344 1303 538 1380 Infirmsria‚
552 1303 596 1368 ad
612 1323 710 1389 quem
725 1301 883 1388 Magister
897 1301 1062 1367 Robertus
1077 1301 1178 1380 Kent,
1191 1301 1351 1368 Notarius

301 1411 318 1440 “
341 1405 378 1469 in
401 1427 508 1484 causa,
531 1427 606 1471 cum
632 1404 783 1482 testibus,
806 1403 933 1480 missus,
955 1403 1294 1490 responsumrecepit
1317 1425 1352 1469 ee

301 1511 450 1573 “ratum
486 1517 522 1572 et
555 1513 686 1594 gratum
716 1505 910 1571 habiturum
942 1505 1098 1592 quicquid
1119 1506 1170 1570 iu·
1187 1527 1226 1571 ea
1257 1511 1352 1592 parte

302 1615 320 1644 ‘⁸
345 1610 438 1676 Prior
467 1632 542 1676 cum
574 1609 749 1677 Oonventu
787 1607 968 1675 decreverit
1005 1631 1073 1675 esse
1110 1607 1352 1676 faciendum.-

303 1719 320 1748 “
345 1713 423 1778 Post
445 1713 515 1779 haec
542 1712 625 1777 inibi
657 1734 714 1799 per
745 1733 805 1787 nos
827 1711 972 1799 Spiritus
1005 1711 1120 1778 Sancti
1154 1712 1353 1799 gratiaper

303 1814 611 1881 “decantationem
647 1813 852 1901 ¹Hymni-‘
864 1813 959 1892 Veni,
1003 1813 1150 1896 Creator,
1189 1812 1353 1900 Spiritus,'

301 1916 501 1982 “devotius
525 1917 687 1998 invocata,
720 1939 757 1984 ac
796 1917 895 1982 verbo
927 1917 1063 1982 Domini
1086 1938 1143 2004 per
1176 1913 1352 2004 iFratrem

303 2025 321 2054 “
343 2018 531 2086 Johannem
555 2019 722 2097 Hotfelde,
745 2019 837 2106 prius
866 2019 1002 2100 dictum,
1025 2021 1062 2084 in
1084 2019 1352 2106 praefata'Domo

304 2131 320 2156 “
344 2121 528 2209 capitulari
550 2123 699 2202 recitato,
722 2122 882 2208 prefatus
907 2121 1091 2188 Willelmus
1115 2115 1234 2202 Albon,
1259 2122 1353 2188 Prior

303 2225 425 2290 “dicti
462 2226 568 2290 nostri
602 2225 800 2304 monasterii,
834 2225 874 2290 de
905 2224 1072 2302 mandato,
1105 2212 1286 2304 voluntate,
1319 2232 1353 2292 et

304 2332 321 2360 “
344 2347 511 2406 consensu,
526 2325 697 2414 expieesis,
709 2326 857 2393 omnium
870 2333 1021 2392 nostrum
1037 2331 1117 2392 ωηο
1132 2316 1352 2414 praesentium,

302 2435 320 2464 ‘⁴
343 2429 519 2495 constituit
535 2429 661 2495 dictum
685 2429 882 2516 Magistrum
897 2429 1080 2494 Robertum
1096 2429 1189 2495 Kent
1202 2419 1353 2502 nostrum

304 2537 322 2564 “
345 2532 380 2596 in
401 2532 462 2598 hac
496 2537 590 2618 parte
623 2531 820 2610 ministrum,
851 2530 1007 2617 deditque
1041 2533 1236 2598 mandatum
1266 2525 1374 2620 quod¹

303 2641 321 2668 ‘¹
343 2635 421 2720 ipse,
445 2633 517 2700 vioe
548 2633 691 2719 ejusdem
723 2633 855 2711 Prioris,
877 2640 912 2699 et
943 2633 1075 2699 nomine
1109 2636 1255 2700 omnium
1278 2657 1354 2701 con·
1374 2629 1390 2674 ‘-
1429 2685 1435 2694 .

304 2741 322 2771 “
346 2735 487 2804 fratrum
525 2735 649 2801 ibidem
698 2741 779 2802 tunc
824 2736 1048 2823 praesentium,
1087 2737 1130 2801 ad
1167 2738 1289 2803 ostium
1319 2743 1354 2803 et
1477 2741 1481 2751 '

304 2843 322 2872 “
346 2839 474 2904 exitum
497 2838 595 2904 dictae
628 2837 755 2904 Domus
779 2835 981 2924 Capitularis
1014 2839 1190 2922 accederet,
1221 2840 1353 2926 altaque

304 2945 424 3006 “voce
456 2940 681 3027 proclamaret,
704 2940 732 3004 si
766 2938 821 3026 qui
857 2939 914 3004 alii
935 2941 978 3005 ab
1002 2940 1082 3027 ipsis
1115 2941 1354 3008 commonachis

303 3050 320 3076 “
344 3047 379 3107 et
411 3041 639 3122 confratribus,
674 3048 754 3108 tunc
786 3041 910 3107 ibidem
942 3043 1167 3130 praesentibus,
1203 3049 1241 3108 ut
1270 3065 1353 3130 prae-

302 3151 323 3180 “
344 3143 503 3223 mittitur,
514 3145 704 3224 existerent,
720 3144 789 3231 qui,
805 3145 845 3210 de
863 3143 940 3230 jure
962 3165 1019 3210 seu
1043 3146 1083 3210 de
1106 3147 1353 3228 consuetudine,

302 3255 320 3280 “
343 3251 403 3312 aut
425 3247 541 3334 quavis
563 3248 629 3312 alia
662 3247 798 3326 ratione,
822 3245 858 3313 in
892 3247 1048 3314 electione
1081 3248 1187 3315 futuri
1213 3250 1355 3317 Abbatis

303 3359 322 3384 “
344 3350 426 3415 dicti
458 3351 656 3428 monasterii,
695 3357 777 3416 tunc
813 3351 971 3430 vacantis,
1010 3374 1049 3418 ea
1086 3353 1157 3418 vice
1198 3353 1354 3422 interesse

304 3459 324 3489 “
346 3453 511 3535 deberent,
535 3453 622 3539 quod
645 3459 725 3518 ωηο
747 3452 790 3518 ad
814 3452 936 3519 dictam
952 3454 1098 3520 Domum
1121 3443 1353 3542 Capitulareni,
1489 3499 1493 3508 ·
1574 3493 1578 3500 ·

303 3563 321 3590 “
344 3576 401 3642 per
422 3577 457 3622 ee
479 3577 539 3621 scu·
559 3577 617 3642 per
638 3577 712 3621 suos
742 3561 967 3643 procuratores
990 3556 1131 3637 idoneos,
1158 3557 1356 3624 sufficienter
1408 3589 1410 3594 ·
1461 3581 1464 3587 ¹

302 3663 322 3693 ‘⁴
345 3660 379 3722 et
401 3657 562 3722 informa
580 3657 666 3742 juris
688 3658 894 3736 constitutos,
908 3658 1107 3738 accederent,
1123 3679 1180 3724 eeu
1195 3661 1355 3739 venirent,

303 3765 322 3794 “
344 3781 413 3824 una
444 3781 519 3824 cum
550 3760 621 3846 ipso
654 3760 780 3841 Fratre,
812 3759 978 3826 Willelmo
1013 3761 1134 3841 Albon,
1169 3761 1290 3841 Priore,
1321 3771 1355 3828 et

302 3869 321 3895 “
343 3861 470 3928 celem
500 3862 569 3927 suis
601 3862 822 3928 confratribus
854 3873 888 3927 et
922 3864 1172 3943 commonachis,
1206 3866 1355 3951 superius

303 3971 321 3998 “
343 3963 533 4046 nominatis,
549 3964 590 4029 de
605 3964 764 4030 electione
778 3964 884 4029 futuri
899 3965 1043 4030 Abbatis
1065 3965 1210 4053 ejusdem
1225 3988 1354 4032 monas-
1484 4046 1487 4056 Ι

305 4071 322 4099 “
344 4065 419 4130 terii
441 4067 679 4145 tractatoriae
696 4066 762 4152 jus,
785 4066 814 4131 si
837 4067 924 4152 quod
939 4068 974 4131 in
991 4068 1053 4134 hac
1078 4073 1172 4156 parte
1187 4067 1354 4148 haberent,

304 4175 322 4202 “
343 4169 568 4253 prosecuturi,
591 4169 634 4233 ad
671 4168 928 4254 electionemque
960 4169 1148 4256 hujusmodi
1178 4191 1281 4258 usque
1312 4172 1355 4236 ad

303 4269 477 4335 “finalem
515 4269 766 4358 expeditionem,
806 4271 877 4335 sive
914 4271 1165 4358 completionem
1198 4273 1353 4359 ejusdem,

304 4379 322 4406 “
344 4371 484 4438 ulterius
506 4373 693 4459 processuri.
739 4373 785 4438 Et
809 4373 1033 4440 incontinenti
1057 4378 1132 4462 post
1155 4374 1261 4444 dictus
1284 4377 1354 4442 Ma-

302 4479 320 4508 “
343 4475 445 4562 gister
468 4474 632 4541 Robertus
664 4475 851 4541 edentium
883 4482 917 4541 et
948 4475 1074 4543 exitum
1107 4477 1203 4544 dictae
1229 4478 1356 4546 Domus

305 4586 323 4611 “
346 4576 548 4666 Capitularis
586 4578 729 4657 accessit,
769 4582 804 4645 et
840 4578 964 4644 ibidem
1002 4579 1072 4645 alte
1109 4601 1188 4647 voce
1226 4583 1355 4669 publice

339 4839 346 4871 ¹
364 4839 433 4889 Ymri
445 4839 472 4890 in
484 4841 540 4892 MS.
828 4841 833 4908 Ι
881 4841 1001 4892 ²Fctrcm
1012 4842 1039 4892 in
1052 4843 1107 4895 MS.
