3560 5838
447 925 622 978 Jousuurs
644 927 929 982 weurnuusrunu
951 934 1124 984 sucorum.
1249 927 1314 992 423

315 1199 512 1270 1Ριιεὺοιιιιιι
533 1205 629 1292 pluro
650 1207 729 1292 quia
749 1212 843 1296 geste
863 1209 970 1276 latent
992 1212 1158 1279 tumulate

315 1305 357 1370 In
378 1306 450 1393 ripe
471 1307 576 1386 fluvii,
599 1307 656 1396 qui
678 1309 798 1376 Lethes
820 1311 895 1377 vult
916 1312 1063 1392 vocitari,
1162 1311 1167 1324 '

314 1407 348 1472 N
349 1429 385 1474 eo
407 1409 466 1475 det
488 1411 643 1478 notitiem
665 1413 823 1480 librorum
844 1415 942 1480 lectio
963 1420 1086 1482 certem
1097 1441 1106 1498 ;

316 1511 365 1578 Ut
388 1511 499 1578 voleus
520 1514 610 1594 scire,
635 1515 715 1602 quid
737 1515 857 1582 feceret
879 1517 942 1598 hic,
966 1518 1046 1604 quid
1068 1524 1103 1584 et
1124 1507 1189 1602 ille,

316 1614 406 1681 Hinc
426 1619 521 1703 puter
542 1615 664 1684 electus
686 1618 815 1704 quibis
837 1618 911 1699 fuit,
935 1625 969 1686 et
991 1619 1172 1700 boculetus,

314 1717 435 1805 Bisque
456 1741 588 1808 gregem
609 1721 705 1800 rexit,
728 1743 811 1808 quae,
835 1722 955 1808 qualis,
978 1729 1167 1810 quanteque
1189 1723 1268 1790 lecit
1327 1692 1441 1824 fflgy·

314 1819 471 1908 Tempore
493 1823 687 1910 permodico,
711 1847 776 1911 quo
798 1826 932 1912 praefuit
953 1827 1022 1914 ipse
1043 1827 1194 1906 secundo,

314 1921 463 1992 Scribere
484 1927 628 2012 prosaice
650 1931 763 2014 captat
784 1927 992 2015 colemusque
1014 1929 1139 1996 referre.

315 2027 413 2094 Nube
435 2028 543 2096 latent
565 2051 723 2116 quaequae,
746 2051 822 2116 quse
844 2030 958 2097 scribae
980 2053 1047 2098 non
1070 2032 1216 2114 coluere3

316 2132 368 2199 Ut
389 2132 565 2220 prexisque
588 2131 691 2212 docet,
715 2131 830 2199 melius
852 2155 904 2198 res
926 2135 1051 2221 scripte
1071 2135 1204 2201 relucet.

317 2237 399 2317 Quis
421 2236 520 2302 modo
543 2235 710 2304 Caesereoe
733 2236 894 2302 tenuisset
915 2241 1028 2303 mente
1049 2237 1241 2324 triumphos,

316 2341 459 2407 Gestsve
481 2338 647 2426 Pompeio,
671 2338 827 2405 tacuisset
849 2339 877 2404 si
900 2339 964 2404 sibi
985 2340 1101 2421 scribo,

316 2441 646 2529 Neo.oomplunusset
667 2440 796 2507 tubulss
819 2441 966 2529 graphio,
989 2464 1049 2509 nec
1071 2448 1219 2510 ereseetl

316 2546 521 2633 Scriptorum
543 2544 667 2612 celsino
690 2544 893 2611 mandentur
914 2545 1022 2612 multe
1043 2545 1183 2614 recordo.

316 2671 392 2738 ²Ut
423 2670 635 2739 recordentur
667 2670 779 2759 igitur,
810 2675 846 2736 et
878 2671 1096 2760 registrentur
1121 2671 1247 2750 melius,
1278 2679 1459 2737 eoIntention

271 2797 345 2862 quse
368 2774 438 2862 egit
467 2779 563 2860 pater
594 2773 703 2839 dietus
736 2773 940 2862 temporibus
961 2795 1030 2840 suae
1061 2773 1211 2840 seeundae
1233 2795 1316 2860 prae.
1329 2747 1471 2864 &mlv

270 2877 411 2958 lationis,
433 2875 576 2943 celemus
607 2876 648 2942 de
679 2876 833 2964 praesenti
865 2875 903 2940 in
924 2897 1026 2941 manu
1059 2876 1257 2956 assumitur;
1280 2876 1405 2940 inthem·

271 3002 381 3067 euque,
405 3001 472 3066 que
493 2979 548 3044 hic
570 2978 786 3064 subsequitur,
809 2978 914 3043 formo
944 2978 987 3044 ed
1010 2999 1091 3065 opus
1112 2978 1315 3065 propositum

271 3105 292 3149 s
336 3084 463 3150 licetur.

291 3105 382 3251 ΡΞ)Ιιι
404 3183 527 3273 primis,
550 3188 590 3250 ut
611 3205 747 3249 menum
768 3185 946 3248 retractum
960 3182 1002 3247 ub
1017 3187 1127 3248 erutro
1148 3203 1261 3248 rursus
1276 3182 1474 3268 edhllrmy

272 3287 370 3355 ³eum
392 3287 589 3365 remitteret,
610 3285 798 3372 rediretque
819 3286 943 3350 iterum
965 3284 1008 3350 ed
1030 3305 1111 3372 opus
1133 3285 1318 3371 antiquitus
1329 3257 1484 3376 ffltskdffi,

271 3395 449 3469 assuetum,
487 3411 525 3455 eo
561 3410 630 3455 non
677 3387 855 3454 remissiori
892 3388 970 3466 zelo,
1008 3409 1106 3474 quem
1143 3387 1243 3475 prius,
1280 3387 1317 3454 in
1329 3389 1430 3454 Abuey.

271 3493 484 3572 necessitatis,
505 3491 671 3570 utilitatis,
687 3490 941 3577 honestatisque,
956 3491 1109 3578 operibus
1129 3492 1295 3558 laboraret
1308 3517 1317 3574 ;

272 3597 464 3675 Libmriem,
494 3617 594 3682 quem
627 3594 754 3660 dudum
787 3595 825 3658 in
855 3598 967 3660 mente
988 3592 1157 3661 4ideutum
1190 3594 1316 3673 hebuit,

271 3723 331 3788 pro
353 3699 511 3787 cujusque
525 3697 740 3764 lubricatione
754 3719 823 3763 non
837 3718 975 3784 paucum
990 3697 1122 3786 collegit
1136 3697 1316 3776 materiem,

270 3804 508 3889 successorique
529 3801 674 3886 reliquit,
698 3802 823 3880 stetim,
849 3804 884 3866 et
910 3799 1004 3884 quasi
1025 3799 1215 3864 immediate
1243 3805 1318 3886 post

271 3929 366 3973 suem
402 3903 668 3982 installationem,
706 3902 863 3989 produxit
905 3903 993 3968 fores
1029 3902 1072 3966 ed
1109 3907 1242 3982 ectum;
1279 3901 1316 3965 iu

271 4008 478 4094 secundoque
509 4027 596 4071 suno
633 4003 732 4091 hujus
770 4001 821 4069 sui
854 4003 1032 4090 regiminis,
1074 4002 1209 4088 perfecit
1244 4023 1316 4066 eom

304 4297 313 4329 ¹
325 4295 389 4346 This
399 4295 497 4346 follows
508 4301 534 4343 st
542 4291 603 4342 lolio
616 4297 663 4342 ltt
673 4307 696 4354 e,
708 4289 772 4341 rhet
849 4288 860 4321 ²
871 4289 927 4340 The
938 4289 994 4338 first
1001 4287 1074 4338 letter
1084 4286 1105 4338 is
1116 4286 1235 4348 omitted;
1247 4294 1275 4338 to
1286 4288 1318 4339 be

273 4393 306 4428 sn
322 4375 430 4427 interval
441 4373 472 4424 os
484 4372 544 4422 nine
561 4371 643 4432 folior,
655 4370 730 4436 being
746 4370 773 4420 in
817 4367 929 4434 supplied
940 4366 967 4416 in
978 4365 1152 4416 illuminetion

273 4459 315 4509 the
325 4470 393 4506 seme
401 4453 553 4504 hundesthe
561 4449 694 4517 preceding
701 4451 774 4502 chro-
851 4447 914 4498 ³Sic
931 4445 958 4495 ln
974 4445 1042 4509 MS„
1056 4445 1084 4494 in
1100 4445 1143 4496 the
1159 4444 1314 4497 masculine:

272 4537 353 4597 nicle;
371 4535 413 4585 the
424 4532 579 4596 intervening
595 4537 687 4582 meter
697 4529 773 4595 being
817 4527 917 4579 Hesrne
934 4526 1046 4577 remarks
1062 4526 1116 4576 that
1132 4527 1264 4586 “erasm”
1276 4527 1318 4577 the

271 4617 300 4668 of
320 4631 336 4666 e
353 4613 470 4664 different
487 4612 626 4673 character,
649 4613 699 4662 und
715 4610 774 4660 ine
817 4606 955 4658 marcuine
965 4605 1038 4666 form,
1049 4619 1136 4656 occurs
1154 4604 1180 4655 in
1200 4605 1317 4672 Hyginus

281 4703 336 4745 ster
356 4693 433 4754 hand,
455 4693 497 4744 the
519 4691 616 4754 subject
637 4690 669 4740 ol
691 4689 774 4741 which
818 4687 861 4739 De
870 4686 998 4738 linitione
1012 4686 1194 4738 Cmntitucndis
1208 4687 1246 4752 [ρ.
1259 4693 1317 4750 204,

273 4775 345 4825 is—“
355 4770 495 4824 Consolatio
523 4771 661 4836 peccatoris
690 4777 774 4822 contu
820 4768 910 4832 Gess]

303 4851 641 4919 metensomatosis?
851 4849 862 4878 ⁴
871 4843 1019 4910 ydeetumiu
1031 4845 1087 4898 Ms.
