3668 5842
502 895 675 947 Jonsnms
697 893 983 946 wnmsnnssnnn
1004 893 1181 947 sncuunn.
1296 880 1359 944 235

314 1096 331 1128 “
353 1087 416 1158 sub
438 1089 546 1178 sigillo
568 1092 638 1169 tuo,
662 1090 698 1153 et
720 1087 781 1154 sub
811 1086 922 1174 sigillo
944 1108 1057 1154 eorum
1079 1106 1138 1172 per
1166 1105 1247 1173 quos
1277 1082 1365 1149 facto
1375 1099 1443 1152 Am.
1457 1105 1529 1153 14⁵6.

315 1203 332 1229 “
354 1193 463 1273 tuerit,
495 1191 568 1258 sine
603 1189 762 1257 dilutione
795 1189 920 1270 mittas,
953 1195 988 1256 et
1018 1189 1080 1257 hoo
1116 1190 1224 1255 breve.
1271 1188 1365 1252 Teste

315 1303 333 1332 “
356 1297 454 1384 Rege,
477 1295 566 1383 apud
590 1293 928 1378 Westmonustsnium,
952 1297 1069 1381 quarto
1085 1292 1138 1358 die
1161 1291 1251 1374 Maii,
1278 1313 1365 1356 anno

314 1409 331 1438 “
354 1399 447 1488 regni
469 1398 521 1463 sui
544 1395 709 1465 tricesimo
731 1395 877 1486 quarto.''

349 1803 535 1893 Responsio
563 1801 724 1872 Wc‘lklmsl
746 1801 903 1880 Marcone,
927 1800 1073 1888 Molonis
1094 1809 1124 1869 ct
1147 1803 1334 1870 liscuctocio

706 1904 980 1972 londoniarum

362 2059 572 2148 “Inquisitio
597 2063 694 2147 capto
717 2059 806 2147 opud
831 2057 1042 2146 Guyhuldom
1058 2057 1215 2125 Civitatis
1237 2060 1528 2133 bondo-Amo

317 2171 334 2201 “
357 2163 497 2245 nicrum,
528 2163 687 2228 situatam
719 2162 755 2227 in
790 2161 947 2227 Porochio
976 2161 1089 2227 Sancti
1119 2162 1298 2242 Laurentii,
1329 2164 1366 2228 iu
1377 2149 1523 2214 theMayor

317 2267 469 2332 “Veteri
493 2265 676 2344 Judsismo,
692 2264 946 2342 Londoniorum,
972 2285 1081 2329 coram
1104 2264 1269 2330 Willelmo
1293 2217 1484 2332 Ma-iiisil

317 2375 334 2404 “
357 2390 454 2449 rowe,
485 2367 611 2453 Majore
644 2367 741 2433 dictae
770 2366 928 2447 civitatis,
959 2388 997 2432 oo
1026 2366 1199 2434 Escsetore
1228 2369 1366 2434 Domini
1376 2349 1479 2401 theresa.

318 2471 458 2558 “Regis
484 2471 521 2534 in
551 2470 665 2536 eadem
695 2468 838 2549 civitate,
870 2469 924 2534 die
946 2468 1086 2535 Veneris
1111 2469 1262 2557 proximo
1289 2475 1367 2537 ants

318 2574 495 2639 “Festum
522 2571 637 2638 Sancti
660 2571 829 2638 Dunstuni
854 2571 1015 2659 Episcopi,
1040 2594 1127 2638 onno
1151 2575 1245 2665 regui
1269 2575 1368 2661 Regis

319 2685 336 2710 ‘¹
359 2675 505 2754 Henrici,
529 2675 626 2740 Sexti
657 2679 732 2762 post
765 2673 1010 2762 Conquaestum
1046 2676 1211 2742 tricesimo
1241 2683 1368 2763 quarto,

318 2778 484 2843 “virtute
511 2777 680 2862 cujusdam
706 2777 817 2842 brevis
848 2778 928 2844 dicti
962 2777 1099 2844 Domini
1128 2779 1236 2867 Regis,
1263 2780 1369 2846 eidem

319 2886 336 2914 “
358 2878 476 2966 Majori
500 2884 534 2945 et
560 2879 727 2945 Escsetori
751 2878 877 2959 directi,
899 2884 934 2944 et
956 2879 1033 2945 huic
1056 2880 1270 2966 Inquisitioni
1294 2905 1369 2948 con-

318 2989 337 3020 “
359 2983 436 3058 suti,
462 3003 521 3069 per
547 2986 788 3047 sacromentum
813 2981 947 3046 Thomee
974 2982 1062 3060 Bole,
1090 2981 1228 3050 Roberti
1249 2984 1370 3069 Bryon,

320 3091 337 3120 “
360 3085 497 3150 Roberti
534 3084 663 3171 Boylet,
695 3083 854 3150 Edwardi
888 3084 1015 3169 Eynne,
1053 3084 1186 3151 Thomae
1220 3087 1368 3168 Boxstcr,

320 3193 339 3221 “
360 3187 523 3253 lobannis
554 3188 594 3253 de
624 3187 779 3267 1Dunne‚
807 3187 943 3253 Thomee
979 3187 1176 3274 Fraunceys,
1205 3188 1370 3256 «Iohannis

321 3297 339 3324 “
363 3289 572 3377 Coningtone,
608 3288 773 3355 «Iohannis
808 3287 997 3368 Leueshom,
1034 3288 1199 3355 Johannis
1232 3292 1369 3378 Ledyer,

319 3401 338 3428 “
360 3393 531 3458 Edmundi
561 3391 729 3473 Tiuillour,
759 3391 924 3457 Johunnis
955 3391 1138 3472 ststone,
1168 3397 1203 3460 et
1233 3393 1370 3461 Rcberti
1459 3457 1463 3465 .

320 3501 338 3531 “
362 3495 475 3560 Wolfe.
515 3494 589 3576 Qui
616 3493 740 3572 dicunt,
765 3515 864 3582 super
886 3499 1126 3560 sacromentum
1153 3519 1257 3577 suum,
1282 3498 1370 3584 quod

321 3606 338 3632 ‘⁴
360 3619 428 3663 non
458 3601 510 3662 est
541 3597 583 3662 ud
615 3593 799 3661 'damnum
838 3619 944 3684 neque
977 3598 1204 3686 praejudicium
1235 3602 1371 3669 Domini

320 3706 339 3736 “
361 3698 468 3787 Regis,
495 3721 556 3765 nec
581 3699 730 3780 aliorum,
756 3699 784 3764 si
811 3699 898 3764 idem
923 3699 1086 3767 Dominus
1111 3702 1186 3767 Rex
1215 3707 1371 3772 concedat

321 3810 339 3838 “
363 3800 539 3889 Radulpho
569 3801 732 3882 Bottiller‚
764 3801 805 3866 de
831 3801 984 3888 Sudeley,
1017 3803 1128 3883 Militi,
1160 3809 1193 3870 et
1223 3806 1371 3873 Johanni

320 3914 338 3941 “
361 3905 488 3986 Hende‚
499 3905 635 3992 juniori,
649 3904 831 3992 Asmigero,
847 3905 937 3991 quod
951 3905 1015 3992 ipsi
1037 3929 1142 3972 unum
1157 3911 1370 3996 mesuagium,

323 4015 339 4048 “
361 4008 431 4074 sive
446 4012 684 4085 tenementum,
699 4028 774 4072 cum
790 4006 868 4072 ksio
885 4007 1064 4093 adjacente,
1084 4009 1183 4074 simul
1205 4032 1279 4076 cum
1302 4034 1371 4077 om-

324 4119 342 4146 “
364 4109 463 4176 nibus
489 4110 703 4190 aisiamentis,
717 4117 752 4176 et
776 4110 903 4176 caeteris
923 4110 991 4176 suis
1010 4111 1220 4198 pertinentiis
1235 4135 1273 4180 nc
1287 4115 1372 4202 juri-

323 4219 341 4249 “
362 4212 425 4278 bus
440 4213 699 4299 quibuscunque,
718 4212 886 4300 praedictis
906 4213 1072 4304 mesuagio
1090 4215 1159 4280 sive
1183 4220 1371 4284 tenemento

320 4321 340 4352 “
363 4315 633 4403 qualitercunque
652 4315 904 4402 pertinentibus,
923 4315 1085 4381 situatum
1109 4317 1146 4380 in
1165 4319 1294 4384 venelia
1315 4342 1372 4386 vo-

320 4423 339 4454 “
361 4423 435 4484 octo
463 4417 782 4505 ‘Wyndegoselonq'
806 4419 843 4482 in
868 4416 1028 4483 Perochio
1053 4417 1210 4485 Omnium
1234 4421 1371 4490 Sancto-

321 4525 342 4556 “
364 4543 439 4586 rum
473 4520 516 4588 ad
547 4519 684 4602 Fenum,
716 4520 970 4601 Londoniorum,
1002 4520 1133 4600 scilicet,
1164 4521 1253 4590 inter
1281 4534 1373 4594 tene·

325 4711 399 4718 μ.-
418 4711 447 4716 ..-
456 4710 550 4716 ...ψ-.-

356 4809 363 4840 ¹
376 4808 440 4859 This
451 4810 522 4860 word
532 4809 555 4858 is
566 4809 689 4859 doubtful.
