3582 5838
450 882 514 946 218
784 891 983 946 leffl'BUM
1004 889 1162 942 ABBA'HAE

282 1093 350 1146 Ar).
365 1099 437 1146 use.
449 1083 584 1151 fratrem
608 1103 722 1166 unum,
744 1103 834 1150 nuno
855 1079 1005 1161 alterum,
1027 1101 1116 1148 nuno
1136 1085 1247 1148 totam
1268 1079 1497 1148 maturitatem

281 1176 439 1293 31⁰<th
449 1187 578 1254 illorum
614 1187 652 1251 in
682 1185 833 1265 invicem,
866 1205 985 1272 eosque
1017 1187 1196 1272 praesentes
1226 1183 1390 1252 allocutus
1427 1187 1498 1250 erat

283 1310 431 1388 uinrppre-
450 1290 613 1356 maturius
642 1311 700 1376 per
730 1287 819 1354 huno
847 1288 983 1354 modum
992 1293 1068 1354 :—“
1080 1287 1224 1365 Fratres,
1254 1285 1441 1368 confratres,
1463 1290 1499 1352 et

282 1384 419 1492 repuens
449 1401 468 1428 “
490 1391 638 1476 oonsooii,
670 1390 790 1478 quibus
820 1389 908 1458 inest
941 1390 1078 1478 spiritus
1109 1389 1277 1477 cogitandi
1311 1411 1386 1476 quae
1419 1394 1498 1454 eunt

281 1450 398 1560 dathofen
449 1503 466 1577 ‘,‘
489 1499 584 1572 reota,
601 1493 828 1581 dirigenteque
841 1493 1023 1574 Altissirno,
1043 1493 1158 1560 eadem
1181 1492 1282 1559 etiam
1304 1491 1498 1558 faciendi-

283 1576 395 1628 ‘hm'
449 1601 466 1635 “
493 1597 601 1680 Vobis,
639 1619 707 1685 pree
744 1594 880 1674 caeteris,
912 1595 1030 1662 datum
1063 1599 1114 1662 est
1145 1616 1285 1676 nosoere,
1320 1617 1360 1660 aa
1397 1596 1495 1661 etiarn

448 1708 467 1738 “
489 1701 684 1787 intelligere,
706 1699 868 1786 quomodo
898 1698 958 1765 ubi
987 1698 1139 1766 imminet
1169 1697 1304 1786 gravius
1335 1697 1497 1764 bonorum

449 1809 468 1838 “
490 1803 707 1900 dispendium,
725 1801 773 1867 ibi
796 1801 930 1888 expedit
952 1801 1088 1868 celerius
1111 1822 1274 1888 apponere
1295 1800 1476 1867 remedium
1487 1826 1496 1881 ;

450 1907 610 1992 “ubique
640 1905 745 1991 magis
773 1903 911 1969 timetur
940 1902 982 1969 de
1011 1903 1131 1970 laesura
1159 1902 1246 1990 juris
1275 1903 1429 1981 eeclesiae,
1450 1903 1496 1968 ibi

450 2009 605 2076 “suadet
633 2007 836 2074 moderatrix
865 2029 974 2072 rerum
1005 2006 1182 2093 prudentia
1211 2006 1253 2072 de
1282 2005 1397 2093 clypeo
1424 2027 1498 2095 pro-

409 2198 410 2202 *
451 2118 468 2147 “
490 2111 650 2188 teotionie,
673 2111 744 2176 sive
765 2109 807 2174 de
835 2109 945 2176 medio
974 2107 1285 2196 recompensationis
1314 2108 1497 2195 providere.

450 2221 468 2251 “
491 2213 575 2280 dum
590 2213 703 2300 igitur,
718 2212 846 2292 fratres,
861 2210 1045 2277 manerium
1060 2211 1101 2276 de
1117 2211 1166 2278 Ia
1180 2211 1281 2290 Mor'e,
1297 2211 1385 2276 infre
1400 2211 1498 2276 Paro-

449 2322 468 2354 “
490 2316 597 2382 ohiern
627 2315 668 2380 de
692 2313 973 2380 Rikmersworthe
1002 2313 1171 2390 situatum,
1203 2313 1248 2378 sit
1278 2312 1315 2377 in
1344 2313 1498 2399 opinione

449 2426 468 2456 “
491 2419 634 2506 plurium
648 2418 831 2483 manerium
845 2422 916 2484 tam
930 2415 1119 2483 ¹sollemnis
1132 2414 1273 2497 fabriooe,
1289 2414 1414 2502 subque
1428 2421 1499 2482 tem

450 2529 468 2556 “
489 2521 636 2610 potentis
674 2519 800 2586 domini
835 2519 1083 2607 gubernatione,
1122 2517 1211 2606 quod
1253 2518 1295 2584 de
1327 2518 1498 2584 verisimili

451 2631 469 2660 “
492 2623 579 2690 infra
603 2623 673 2688 dies
702 2623 784 2688 satis
816 2643 933 2709 pauooe
955 2621 1190 2708 dedignabitur
1211 2620 1335 2686 servire
1356 2621 1499 2688 eoelesiae

451 2734 470 2764 “
492 2726 637 2806 ulterius,
661 2724 792 2791 eutitii
822 2723 933 2810 eliqua
961 2724 1150 2810 impendere
1180 2723 1337 2810 obsequis
1365 2723 1500 2790 aneilla-

452 2837 469 2866 “
492 2829 603 2907 tionis,
640 2827 774 2895 videtur
803 2827 907 2908 nobis,
938 2827 1081 2900 videtur⁴
1105 2826 1208 2892 etiam
1242 2831 1276 2893 et
1310 2826 1394 2905 aliis,
1431 2827 1499 2894 fore

453 2940 471 2970 ‘⁴
494 2933 591 3000 valde
613 2931 854 3019 expediens—³
866 2929 956 2995 Dum
978 2930 1067 2996 oalor
1088 2933 1147 3007 est,
1172 2934 1208 2996 et
1230 2927 1392 3016 ”pulchra
1414 2929 1501 3008 dies'

452 3045 469 3072 “
492 3037 553 3102 hoo
574 3040 634 3118 est,
657 3034 738 3100 dum
767 3054 931 3120 possessor
951 3031 1041 3098 illius
1067 3032 1179 3118 justus
1210 3037 1261 3098 est
1283 3032 1444 3113 dominus,
1466 3035 1501 3098 et

451 3147 468 3174 “
486 3138 637 3225 justitias
659 3135 808 3224 diligens,
831 3135 872 3200 de
893 3134 1036 3200 remedio
1065 3134 1234 3215 discutere,
1257 3134 1500 3220 deliberareque

452 3249 469 3276 “
492 3239 629 3320 deviis,
651 3239 765 3316 modis,
788 3242 824 3302 et
845 3237 972 3316 mediis,
994 3236 1114 3323 quibus
1136 3235 1191 3302 vel
1220 3237 1361 3303 serutari
1390 3241 1500 3323 posset

453 3349 470 3380 “
492 3347 584 3409 totus
613 3361 744 3407 annuus
772 3339 922 3406 redditos
944 3340 985 3406 de
1008 3339 1096 3406 dioto
1126 3339 1274 3405 manerio
1303 3339 1422 3419 exiens,
1444 3338 1500 3404 vel

453 3454 470 3481 “
494 3445 611 3511 saltem
647 3464 706 3531 per
743 3463 987 3530 recompensam
1024 3441 1172 3508 debitum
1209 3441 1321 3508 salvus
1358 3441 1501 3508 eodesiee

453 3556 470 3582 ‘⁴
494 3565 692 3635 permanere.
738 3544 912 3610 Interdum
935 3543 1059 3611 etenim
1081 3543 1187 3610 nobili
1202 3543 1283 3622 viro,
1300 3543 1390 3609 etde
1412 3543 1499 3609 dero

453 3660 469 3685 “
492 3671 618 3738 genere,
655 3645 800 3713 suooedit
838 3646 941 3712 haeres
983 3647 1122 3734 spurius,
1160 3646 1230 3713 eive
1270 3646 1312 3712 de
1351 3645 1501 3734 spuriate

453 3763 470 3788 ‘¹
494 3751 701 3832 conditione3
738 3750 994 3846 plerumqueque
1031 3749 1113 3828 viro,
1150 3749 1197 3815 sio
1228 3749 1322 3835 justo
1353 3754 1387 3815 et
1415 3748 1500 3835 juri-

453 3866 469 3893 “
492 3857 574 3936 dico,
604 3854 692 3942 quod
713 3852 795 3920 insit
817 3853 882 3919 sibi
911 3857 1064 3919 oonstsns
1095 3856 1130 3918 et
1159 3857 1317 3940 perpetua
1346 3853 1499 3918 voluntas

455 3969 471 3994 “
494 3959 598 4026 animi
612 3956 789 4042 unicuique
805 3955 893 4042 quod
915 3977 1012 4021 suum
1034 3959 1085 4021 eet
1099 3955 1315 4042 persolvendi,
1330 3955 1499 4040 subsequi-

453 4071 472 4099 “
496 4068 552 4128 tur
575 4080 739 4148 possessor
767 4058 974 4138 conditionis,
997 4057 1293 4146 dispositionisque,
1316 4059 1498 4137 contrariae,

455 4175 471 4202 “
494 4163 738 4252 promptiorque
760 4161 804 4228 ad
825 4159 1025 4227 irritandum
1045 4159 1215 4246 justitiam
1236 4181 1337 4246 quem
1358 4160 1403 4225 ad
1423 4181 1498 4227 exe-

454 4279 471 4304 “
494 4267 662 4360 quendum
685 4285 724 4330 ea
746 4285 819 4350 quse
840 4264 913 4351 ipso
942 4262 1026 4328 solet
1046 4263 1221 4350 praecipere
1251 4283 1309 4328 seu
1330 4262 1499 4349 imperare.

452 4367 673 4456 “Tarquinio
712 4367 829 4453 utique
864 4365 984 4445 Prisoo,
1019 4363 1122 4451 probo
1159 4363 1241 4444 viro,
1272 4370 1307 4431 et
1344 4365 1499 4445 modesto,

453 4481 470 4508 ‘⁴
493 4472 648 4540 successit
670 4470 725 4536 vir
753 4469 925 4535 seditiosus
955 4470 990 4533 et
1012 4467 1131 4534 eoelere
1151 4467 1279 4556 plenus,
1301 4467 1499 4555 Tarquinius
1552 4455 1559 4476 '

453 4585 470 4610 ‘¹
492 4574 668 4663 Superbus,
691 4571 781 4637 filius
803 4570 896 4659 ejus;
919 4568 1120 4657 Vespasiano
1142 4570 1251 4649 etiam,
1274 4570 1329 4657 pio
1351 4571 1498 4658 prinoipi,

454 4687 470 4714 ‘¹
493 4683 527 4744 et
556 4676 699 4765 peoifieo,
723 4674 777 4740 vir
807 4672 936 4760 impius,
960 4671 1105 4750 invidus,
1137 4676 1172 4736 et
1201 4671 1385 4753 insidiosus,
1411 4673 1499 4740 filius

484 4893 740 4961 ¹sollempaiainMS.
971 4889 977 4958 Ι
1023 4887 1236 4955 'paramus
