3588 5838
443 867 617 924 sosarmo
640 865 924 920 wnmnlnsrnnn
945 869 1123 920 sucorum.
1263 855 1305 920 88

258 1065 278 1095 “
299 1060 405 1148 plena,
421 1065 456 1128 et
471 1083 528 1149 per
542 1083 659 1128 manus
675 1062 798 1128 Prioris
813 1067 849 1128 et
864 1061 1056 1129 Conventus
1069 1061 1134 1128 loci
1149 1059 1472 1146 ejusdem‚A.D.1eso.

257 1169 275 1197 ‘¹
297 1163 438 1252 singuiis
459 1164 664 1254 temporibus
689 1166 901 1232 vacationum
922 1163 1101 1230 Abbatlriae
1128 1163 1305 1252 praediotee,

258 1271 278 1301 “
299 1264 358 1332 ¹in
371 1273 575 1355 perpetuum.
609 1266 764 1334 Volentes
787 1271 822 1334 et
835 1267 1055 1348 concedentes,
1070 1288 1130 1354 pro
1152 1265 1249 1332 nobis
1271 1269 1307 1330 et

257 1378 276 1406 “
298 1368 483 1438 haeredibus
505 1371 637 1451 nostris,
661 1371 749 1457 quod
771 1370 873 1437 iidem
895 1370 1018 1450 Abbas,
1042 1370 1147 1450 Prior,
1162 1373 1196 1436 et
1218 1368 1307 1435 Gon·

258 1475 277 1505 “
297 1477 427 1552 ventus,
451 1477 620 1540 eteorum
643 1490 847 1554 successores,
870 1493 999 1540 necnon
1020 1471 1193 1538 Abbathia
1222 1491 1306 1558 prse-

258 1579 277 1608 “
300 1573 396 1654 diota,
420 1575 462 1660 ds
494 1573 661 1663 praedietis
694 1575 784 1642 mille
818 1576 944 1657 marcis,
967 1580 1002 1642 et
1024 1579 1098 1642 rata
1119 1573 1308 1653 earumdem,

233 1681 279 1712 ·“
300 1678 471 1744 exonerati
493 1678 636 1764 penitus,
660 1681 695 1744 et
716 1678 832 1764 quieti,
854 1683 1049 1746 remaneant
1075 1698 1152 1766 erge
1181 1698 1242 1742 nos
1273 1679 1308 1741 et

258 1785 283 1827 “·
299 1779 445 1847 haeredes
467 1785 598 1847 nostros
621 1778 679 1846 ¹in
700 1787 906 1869 perpetuum,
930 1803 1029 1848 causa
1052 1781 1150 1848 dictae
1172 1779 1309 1846 solutio·

259 1889 277 1918 “
299 1882 352 1948 nis
385 1883 627 1971 qninquaginta
658 1905 843 1950 marcarum
875 1884 1107 1971 praedictarum
1131 1881 1308 1948 annuatim

259 1991 278 2019 “
299 1985 467 2066 beiendae,
481 1987 568 2052 sicut
582 1986 778 2074 praedictnm
793 1991 846 2054 est
860 2011 868 2069 ;
893 1990 928 2054 et
942 1987 1032 2075 quod
1048 1985 1200 2074 praedicti
1215 1983 1310 2050 Prior

258 2092 279 2122 “
300 2092 335 2153 et
358 2086 558 2168 Conventus,
575 2095 610 2155 et
632 2090 745 2156 eorum
767 2111 971 2171 successores,
994 2090 1031 2156 in
1052 2088 1192 2176 singulis
1213 2108 1308 2152 vaca-

260 2195 279 2225 “
301 2189 446 2257 tionibus
467 2191 646 2258 Abbcthise
666 2192 844 2280 predica,
866 2189 928 2259 ¹in
948 2197 1144 2280 perpetuum
1166 2190 1309 2256 habeant

260 2296 280 2327 “
301 2299 337 2360 et
359 2299 496 2360 teneant
511 2295 696 2361 custodiam
715 2294 895 2362 Abbatbioe
916 2295 1092 2382 predicta,
1104 2298 1140 2361 et
1161 2292 1309 2360 omnium

260 2401 279 2430 “
301 2395 531 2483 temporalium
565 2395 720 2482 ejusdem,
741 2400 821 2476 tam,
843 2397 1007 2476 videlicet,
1030 2417 1144 2462 eorum
1169 2415 1245 2482 quae
1268 2395 1310 2460 de
1415 2461 1419 2478 ,

260 2501 282 2531 “
304 2498 477 2566 dotatione
499 2504 534 2566 et
555 2497 751 2565 fundatione
765 2499 944 2566 Abbcthiae
966 2498 1134 2586 praedictae
1148 2498 1308 2576 existunt,

263 2605 281 2634 “
303 2621 402 2686 quam
424 2602 573 2666 omnium
595 2600 733 2668 eliorum
756 2602 987 2690 temporalium
1010 2602 1116 2669 eidem
1130 2599 1310 2667 Abbathiss

263 2709 283 2736 “
304 2723 363 2788 per
384 2702 562 2790 praedictos
580 2725 668 2770 nunc
690 2702 856 2770 Abbatem
880 2708 914 2771 et
937 2703 1157 2782 Conventum,
1171 2707 1206 2770 st
1227 2723 1310 2789 pree-

260 2811 280 2839 “
302 2805 483 2871 decessores
498 2827 582 2885 suos,
596 2804 743 2894 legitime
758 2806 1009 2892 adquisitorum,
1018 2811 1058 2872 ut
1072 2827 1171 2892 supra
1185 2805 1310 2871 dictum

263 2913 281 2943 ‘⁶
303 2912 362 2986 est,
385 2911 421 2974 et
442 2908 544 2974 etiam
566 2930 624 2996 per
646 2909 775 2975 eosdem
797 2908 965 2975 Abbatem
987 2916 1022 2976 et
1042 2907 1262 2987 Conventum,
1277 2911 1312 2972 et

262 3015 281 3043 “
303 3029 501 3076 successores
523 3032 608 3091 suos,
631 3033 763 3077 exmmc
786 3012 828 3077 de
849 3010 984 3078 licentia
1001 3016 1123 3090 nostra,
1145 3013 1180 3076 et
1209 3009 1311 3074 haere·
1412 3057 1420 3084 .

241 3117 282 3160 1“
305 3111 385 3177 dnm
415 3111 787 3201 nostrorumlegitime
819 3113 1105 3199 acquirendorum,
1136 3133 1204 3178 nna
1237 3131 1312 3177 cum

264 3219 283 3247 “
303 3213 400 3280 rebus
422 3219 457 3280 et
472 3214 567 3281 bonis
581 3214 624 3280 ad
639 3214 844 3281 Abbathlam
859 3215 951 3282 illem
964 3214 1167 3303 temporibus
1190 3213 1312 3280 futuris

263 3324 283 3350 “
304 3316 341 3380 in
362 3315 553 3403 hujusmodi
574 3317 805 3384 vacationibus
833 3317 1105 3405 qualitercunque
1135 3315 1312 3406 spectanti-

262 3421 282 3451 “
304 3417 374 3498 bam,
396 3417 452 3484 vel
473 3419 675 3506 spectaturis,
691 3419 815 3506 absque
836 3418 949 3506 aliquo
971 3420 1073 3499 nobis,
1097 3420 1153 3486 vel
1174 3419 1313 3486 haeredi-

263 3525 283 3556 “
304 3519 367 3586 bus
387 3521 518 3600 nostris,
534 3541 593 3609 pro
615 3521 730 3590 eedem
749 3522 906 3602 custodia,
921 3522 1086 3609 aliquibus
1109 3521 1313 3611 temporibus

265 3629 286 3656 “
306 3621 428 3688 futuris
450 3622 626 3705 reddendo,
648 3623 740 3690 ultra
761 3623 1004 3712 quinquaginta
1032 3647 1158 3692 marcas
1186 3645 1314 3691 annuas

265 3731 283 3758 “
303 3723 495 3790 antedictas.
542 3724 597 3790 Ita
619 3725 708 3810 quod
730 3725 842 3791 nullus
864 3726 1061 3808 Vieeoomes‚
1075 3728 1239 3808 Esoeetor,
1255 3747 1313 3793 seu

266 3831 286 3862 ‘¹
307 3826 495 3913 quicunque
517 3826 603 3893 alius
624 3826 768 3894 ballivum
782 3849 841 3894 seu
862 3829 1014 3896 minister
1035 3835 1155 3909 noster,
1170 3829 1226 3896 vel
1247 3829 1313 3896 hae-

266 3927 423 3994 “redum
455 3933 651 4008 nostrorum,
674 3930 714 3996 de
748 3931 899 3998 custodia
928 3931 1106 4000 Abbathiae
1137 3932 1312 4020 predicta,

265 4035 283 4066 “
305 4051 364 4096 ssu
386 4030 552 4098 Gallorum
573 4053 716 4113 suarum,
738 4034 969 4118 maneriorum,
991 4040 1051 4103 aut
1080 4035 1219 4101 aliarum
1241 4055 1314 4122 pos·

266 4139 285 4170 “
306 4133 496 4215 sessionum,
529 4156 649 4214 rerum,
682 4157 740 4202 seu
776 4135 937 4203 bonorum
970 4158 1248 4225 quorumcunque,
1270 4135 1314 4202 ad

266 4242 286 4272 “
309 4236 431 4304 dictem
451 4236 667 4318 Abbathiam,
689 4260 747 4305 seu
769 4237 878 4306 Cellas
906 4241 1062 4328 ejusdem,
1084 4240 1312 4330 spectantium,

268 4346 284 4373 “
307 4339 362 4404 vel
383 4342 656 4426 spectaturorum,
671 4361 803 4429 quoquo
818 4342 923 4421 modo,
939 4343 1069 4409 ratione
1092 4342 1314 4429 cujuscunque

267 4445 286 4476 ‘⁸
308 4442 489 4510 vacationis
510 4443 608 4522 illius,
622 4443 661 4508 in
681 4444 832 4512 loturum
854 4465 889 4512 se
902 4444 940 4510 in
953 4445 1064 4531 aliquo
1078 4445 1314 4512 intromittent.

268 4549 287 4580 “
310 4543 385 4612 Hoc
406 4549 520 4612 tamen
542 4551 688 4634 excepto,
703 4547 793 4634 quod
814 4547 970 4615 Escaetor
990 4547 1045 4615 vel
1066 4548 1154 4615 alius
1165 4549 1316 4616 minister

266 4651 286 4683 “
308 4652 428 4727 noster,
441 4646 498 4713 vel
519 4647 690 4714 haeredum
707 4653 905 4733 nostrorum,
920 4650 979 4737 qui
1001 4673 1061 4740 pro
1083 4656 1231 4742 tempore
1244 4651 1316 4720 fue·

665 4847 893 4915 ¹1'mpepeaerin
905 4849 962 4902 ΜΒ.
1161 4923 1182 4986 2

1117 4937 1138 4984 F
