3588 5838
492 885 666 944 romanie
688 890 977 944 waumsusrnnn
999 894 1176 947 escoron.
1311 883 1354 947 23

301 1085 320 1117 “
342 1102 514 1169 personam
537 1082 687 1162 debilem,
703 1103 893 1171 quanquam
917 1082 1063 1150 desidem
1087 1087 1122 1149 et
1144 1083 1352 1170 decrepitam,
1366 1079 1434 1133 AD·
1449 1087 1520 1135 1⁴⁵2·

301 1191 456 1252 “rursus
478 1191 591 1252 tamen
612 1187 759 1254 revooari
781 1187 825 1252 ad
846 1185 946 1273 hujus
969 1186 1110 1254 ecelesiae
1133 1187 1288 1274 regimen,
1312 1186 1353 1251 de

301 1293 322 1322 “
343 1311 404 1354 sna
426 1290 585 1378 singulari
607 1291 723 1378 gratia,
746 1289 936 1357 tolerabat.'’

348 1391 478 1472 Quibus
491 1393 601 1474 dietis,
616 1392 778 1459 salutavit
799 1393 919 1458 frames
942 1413 1054 1458 omnes
1069 1392 1106 1458 in
1129 1413 1229 1479 paoe;
1249 1413 1353 1458 reaes-
1364 1407 1407 1459 He
1418 1407 1489 1474 gives

302 1493 412 1580 sitque
427 1496 471 1560 ad
493 1517 569 1562 auos
591 1496 746 1582 hospites,
762 1516 845 1582 quos
860 1495 901 1560 de
932 1516 1032 1572 more,
1047 1499 1183 1582 propter
1205 1495 1353 1582 impensa
1365 1483 1493 1596 ᾙξι

302 1595 437 1662 honoris
459 1593 624 1684 obsequia,
647 1599 796 1686 oportuit
819 1619 896 1664 eum
918 1597 955 1662 in
978 1618 1091 1663 mensa
1113 1597 1295 1663 oonvivare.

348 1696 519 1765 ¹Peraetis
550 1700 785 1766 installationis
817 1698 1030 1778 ”sollemniis
1063 1703 1098 1764 et
1129 1699 1243 1780 finitis,
1266 1713 1518 1765 eom-Thenbbot

302 1800 465 1888 pletisque
502 1803 654 1868 omnibus
691 1825 729 1869 ao
767 1803 905 1890 singulis
942 1825 1016 1889 quae
1056 1802 1270 1889 requiruntur
1306 1803 1349 1868 ad
1365 1795 1509 1912 3ζεῖζῶ

301 1902 472 1970 formalem
495 1905 726 1991 perfectionem
748 1905 936 1972 Abbatialis
960 1905 1143 1992 dignitatis,
1160 1906 1261 1993 coepit
1283 1903 1513 1977 Ab-fleeteupon

301 2006 457 2088 basiate,
489 2007 536 2072 sio
565 2008 734 2086 formatus,
756 2009 910 2095 primitus
942 2012 978 2073 et
1007 2012 1085 2073 ante
1118 2007 1185 2072 alia
1207 2012 1353 2074 statuere
1365 1980 1506 2096 {pompeam

300 2108 426 2196 jugiter
455 2131 563 2175 eoram
589 2109 729 2176 mentali
751 2093 834 2176 faeie
864 2131 925 2176 sua
959 2111 1073 2175 horam
1095 2110 1196 2188 illam,
1227 2111 1264 2174 in
1286 2111 1454 2198 quadufioe·

295 2211 368 2297 jam
391 2213 512 2278 iterum
534 2213 579 2278 ad
600 2213 732 2279 vineam
755 2213 890 2279 aoeessit
911 2213 1140 2294 Dominioam3
1162 2212 1352 2283 advertens-

301 2335 366 2399 que
388 2315 505 2380 melius
526 2336 599 2380 eam
621 2315 721 2381 fuisse
743 2315 869 2403 lapsam
891 2315 988 2402 longe
1011 2314 1100 2380 ultra
1121 2315 1300 2394 meridiem,
1315 2337 1353 2381 ao

301 2417 525 2504 attingentem
546 2439 630 2505 pene
645 2439 749 2505 usque
764 2419 807 2484 ad
829 2418 956 2484 declive
978 2424 1110 2505 tempus
1132 2439 1352 2504 vesperorum,

301 2541 412 2586 secum
435 2520 573 2599 studuit,
596 2522 633 2586 in
656 2527 819 2608 quantum
847 2521 966 2598 valuit,
989 2519 1154 2607 quomodo
1177 2541 1236 2607 par
1265 2541 1353 2585 oom-

302 2644 426 2708 perque
459 2623 553 2689 fieret
587 2623 654 2689 illis
688 2623 747 2710 qui
778 2628 998 2712 portaverunt
1031 2621 1187 2710 ³p0ndus
1221 2621 1287 2688 diei
1318 2626 1353 2688 et
1488 2693 1491 2698 ,

302 2729 454 2803 aetnae
476 2747 636 2813 maneque
658 2727 789 2792 assidue
820 2748 923 2813 usque
955 2727 998 2791 ad
1028 2725 1105 2791 solis
1137 2746 1294 2816 oceasum,
1318 2729 1354 2790 et

301 2827 425 2915 absque
447 2829 517 2894 nlla
531 2829 796 2916 interpolatione,
814 2829 851 2894 in
872 2830 972 2894 vinea
995 2827 1133 2894 Domini
1155 2827 1352 2894 laboravere.

301 2930 512 2997 Descendens
538 2932 643 3019 igitur
665 2933 706 2998 de
729 2955 790 2997 sna
812 2930 982 3018 Oapellula
1012 2951 1117 3016 usque
1140 2929 1183 2995 ad
1207 2929 1352 2994 Domum

301 3031 457 3120 Capituli,
467 3034 579 3100 taliter
594 3057 668 3100 suos
683 3035 809 3114 fratres,
823 3057 899 3121 erga
914 3034 1019 3120 ipsius
1033 3033 1216 3098 adventum
1228 3030 1352 3097 ibidem

301 3141 523 3224 congregatos,
545 3138 670 3224 alloqui
692 3143 843 3225 ooeperat,
867 3142 902 3202 et
924 3135 1019 3200 affari
1032 3161 1087 3200 ε-

348 3244 365 3274 “
377 3239 518 3322 Fratres,
535 3246 570 3308 et
592 3241 888 3318 confratres-Ne,
912 3261 987 3305 oum
1010 3259 1080 3304 sero
1102 3237 1185 3304 illud
1195 3257 1352 3324 pervene-
1363 3241 1404 3294 He
1416 3242 1459 3292 ad·

227 3355 231 3363 '
301 3347 319 3376 ‘⁴
341 3342 396 3420 rit,
411 3342 447 3407 in
464 3365 529 3430 quo
543 3344 679 3410 habebit
694 3344 801 3410 vineae
815 3342 967 3409 dominus
983 3363 1059 3408 suos
1073 3340 1220 3428 singulos
1234 3361 1351 3420 vocare
1362 3309 1512 3439 ffissffie

301 3453 318 3479 “
341 3447 514 3531 operarios,
551 3446 751 3533 reddereque
783 3447 830 3512 eie
868 3445 1050 3510 meroedem
1088 3465 1188 3530 quam
1225 3442 1273 3508 eis
1310 3444 1351 3509 de
1363 3442 1444 3560 ifflbe

300 3549 561 3614 “conventione
592 3548 719 3614 solvere
749 3548 946 3634 repromisit,
970 3552 1095 3613 stemus
1126 3567 1187 3611 nos
1218 3545 1303 3633 pulsi
1330 3517 1485 3638 ηοξ

302 3656 322 3685 “
343 3671 488 3728 numero,
512 3657 547 3717 et
579 3651 639 3728 ita,
673 3651 762 3737 quod
788 3648 881 3714 Deus
914 3649 1095 3736 prohibeat,
1128 3647 1282 3714 frustrati
1312 3642 1485 3760 fflssffiffl

300 3761 317 3789 “
340 3753 464 3840 privati
485 3775 507 3818 a
536 3753 670 3819 demrio
700 3752 899 3839 vespertino,
922 3751 1135 3828 intendimus,
1160 3749 1251 3832 dum,
1271 3749 1352 3837 quid
1407 3725 1418 3773 ³

298 3863 315 3890 “
338 3855 596 3921 modicissimum
618 3855 775 3942 temporis
796 3854 964 3931 habemus,
987 3852 1117 3941 operari
1147 3852 1281 3932 bonum,
1314 3853 1352 3916 in

300 3967 317 3992 “
341 3964 502 4044 quantum
524 3958 712 4039 sufficimus,
726 3958 960 4044 redimensque,
975 3957 1004 4024 si
1021 3978 1081 4044 per
1094 3955 1235 4043 gratiam
1260 3957 1352 4040 pote-

301 4065 319 4094 “
342 4061 454 4138 rimus,
476 4067 606 4149 tempos
628 4060 713 4126 illud
734 4083 794 4148 per
815 4061 903 4147 quod
926 4082 947 4125 a
968 4059 1067 4124 vinea
1088 4057 1186 4124 istius
1210 4055 1352 4122 eeclesiae

300 4168 320 4198 “
342 4163 531 4250 aliqualiter
545 4164 692 4252 elongati
707 4163 927 4251 persistimus,
944 4167 979 4228 et
993 4161 1153 4228 absentes.
1193 4159 1239 4225 Et
1253 4180 1351 4247 prop-

300 4271 320 4300 “
342 4269 441 4344 terea,
463 4289 532 4346 vos,
555 4267 613 4353 qui
634 4266 787 4333 veritatis
814 4267 894 4332 estis
916 4286 1090 4353 praecones,
1113 4263 1281 4350 lampades
1313 4263 1350 4327 in

301 4375 321 4403 “
344 4369 502 4456 religione
524 4370 644 4436 darius
674 4369 877 4458 effulgentes,
901 4369 987 4434 detis
1009 4367 1104 4432 nobis
1136 4365 1301 4443 notitiam,
1322 4367 1351 4430 si

297 4475 315 4506 “
337 4471 460 4538 alieubi
490 4471 578 4538 infra
615 4471 714 4538 istius
745 4473 889 4538 eoeleeiae
912 4473 1044 4537 vineam
1074 4490 1191 4557 vepres
1223 4489 1351 4534 sucere-

355 4707 412 4758 The
423 4709 479 4758 first
496 4710 569 4760 letter
585 4709 698 4772 omitted,
710 4710 750 4760 for
761 4711 804 4760 the
883 4707 893 4740 ²
904 4705 1049 4772 solempniis
1060 4705 1087 4754 in
1098 4705 1153 4756 MS.

301 4801 407 4852 purpose
415 4787 446 4837 of
452 4788 631 4853 illuminatior,
639 4792 685 4841 but
693 4790 805 4854 reeently
882 4787 892 4820 ³
905 4788 936 4838 ln
947 4785 1054 4838 allusion
1066 4795 1093 4836 to
1105 4783 1182 4836 Mart.
1195 4799 1240 4834 xx.
1255 4788 1292 4832 12.

303 4865 417 4934 supplied
428 4867 454 4918 in
465 4868 539 4920 blaek
551 4869 604 4920 inlr.
