3588 5838
432 869 474 932 98
715 891 718 896 ¹
764 880 962 932 susumus
985 877 1143 930 ssssmn

262 1075 448 1130 A.D.1⁴sa“
470 1089 528 1236 per
548 1069 879 1251 mnplsssoepmffl
900 1069 1060 1238 prfflloti,
1083 1067 1127 1136 ad
1151 1067 1290 1236 {essum
1311 1066 1479 1134 Passionis

430 1178 449 1206 “
497 1171 586 1236 ancti
730 1170 737 1185 '
1008 1171 1114 1238 'otum
1188 1176 1204 1236 t
1241 1169 1270 1237 si
1306 1169 1396 1236 oonti

431 1278 450 1308 “
472 1271 649 1338 annualem
669 1175 1060 1360 reddittiriiiiraeliiotum,
1075 1277 1135 1340 aut
1149 1277 1262 1361 togam
1277 1173 1481 1359 pmdioffi

409 1458 415 1469 Ι
432 1380 450 1408 “
471 1397 492 1440 a
513 1380 601 1442 retro
622 1375 692 1442 fore
713 1375 749 1440 in
772 1380 867 1463 parte
888 1376 944 1443 vel
962 1376 1000 1442 in
1014 1381 1087 1443 toto
1102 1380 1177 1464 post
1192 1375 1328 1462 aliquod
1343 1375 1481 1440 Festum

431 1479 645 1545 “Fastorum
673 1478 916 1566 praedistornm,
947 1480 1064 1546 saltem
1096 1500 1155 1566 per
1184 1499 1337 1558 mensem,
1359 1483 1482 1544 extunc

433 1586 451 1614 “
473 1579 633 1662 volumus,
656 1593 690 1648 et
719 1601 778 1669 per
812 1587 990 1668 praesentes
1023 1581 1240 1663 oonoedimus,
1271 1577 1360 1668 quod
1397 1579 1482 1646 bens

433 1681 584 1749 “licebit
620 1684 761 1772 praefato
791 1683 927 1752 Thomae
964 1685 1002 1750 in
1033 1684 1186 1751 omnibus
1222 1683 1289 1750 illis
1318 1683 1416 1749 terris
1445 1686 1482 1748 et

433 1790 454 1819 “
474 1787 671 1852 tenementis
692 1785 824 1867 nostris,
847 1807 953 1874 nuper
966 1786 991 1852 J
991 1785 1132 1852 ohannis
1147 1785 1364 1864 Swanburne,
1378 1784 1481 1850 situn-

434 1893 452 1922 “
473 1887 518 1953 tis
540 1894 574 1954 ot
596 1887 610 1926 ²
613 1887 803 1973 jacentibus
824 1889 862 1953 in
882 1888 966 1954 villa
980 1887 1022 1954 de
1041 1888 1165 1955 Sanoto
1180 1887 1319 1967 Albano,
1336 1891 1371 1952 et
1381 1886 1483 1973 juxta

383 2016 386 2022 ·
434 1993 452 2024 “
475 1989 634 2057 Sanctum
663 1991 840 2070 Albanum,
872 1991 909 2057 in
939 1991 1110 2058 Comitstu
1140 1990 1353 2070 Hertfordiae,
1382 1995 1417 2055 et
1445 1990 1483 2054 in

434 2097 453 2128 “
475 2091 622 2178 qualibet
652 2093 794 2180 porcella
827 2093 1014 2172 eorundem,
1049 2093 1175 2159 intrare
1207 2097 1243 2159 ot
1276 2091 1482 2179 distringere,

435 2201 452 2228 ‘⁶
472 2193 694 2262 districtiones
716 2196 826 2283 sieque
849 2201 961 2282 captas
990 2199 1167 2283 asportare,
1189 2195 1377 2282 impaream,
1400 2193 1483 2260 effin-

437 2302 454 2332 “
475 2319 562 2383 gare,
584 2297 754 2378 abduoere,
777 2302 811 2365 et
839 2319 940 2386 penes
968 2319 1004 2364 se
1033 2297 1184 2377 retinere,
1206 2318 1377 2384 quousque
1398 2319 1483 2385 prae-

435 2404 454 2434 “
475 2399 547 2465 fato
583 2399 718 2467 Thomae
749 2401 791 2466 ds
820 2400 956 2466 annuah
982 2400 1116 2467 redditu
1148 2400 1316 2488 praedicto,
1336 2406 1371 2466 et
1403 2404 1484 2487 toga

435 2509 453 2536 “
476 2501 642 2588 praediota,
661 2502 707 2568 sio
721 2525 743 2567 a
763 2509 853 2569 rotro
867 2503 1094 2584 existentibus,
1110 2501 1257 2591 plenarie
1276 2501 1483 2569 satisfactum

436 2612 455 2638 “
476 2604 586 2688 fuerit,
612 2611 647 2670 et
670 2606 880 2692 persolutum
926 2604 973 2671 Et
999 2627 1059 2671 nos
1084 2627 1172 2687 vero,
1195 2603 1346 2693 praedicti
1368 2603 1484 2682 Ahhas

436 2714 454 2741 “
476 2711 511 2772 et
521 2705 720 2785 Conventus,
729 2707 907 2773 annualem
921 2706 1090 2773 redditum
1104 2706 1308 2794 praedictum,
1319 2711 1356 2774 et
1371 2711 1483 2794 togam

436 2815 455 2847 “
477 2809 679 2898 praedictam,
700 2809 839 2898 praefsto
867 2809 1002 2877 Thomae
1030 2809 1074 2874 ad
1100 2809 1280 2876 terminum
1309 2809 1391 2877 vitas
1415 2830 1484 2875 sum

437 2912 767 2978 “warantizabimus
793 2934 852 2999 per
882 2916 1069 3000 praesentes.
1116 2909 1159 2976 In
1187 2910 1280 2999 eujus
1311 2911 1361 2976 rei
1389 2911 1483 2978 testi·

417 3021 455 3052 '“
478 3015 633 3096 monium,
664 3037 733 3094 nos,
756 3015 888 3102 praefati
909 3013 1024 3080 Abbss
1046 3018 1081 3080 st
1103 3013 1304 3093 Conventus,
1330 3012 1408 3080 huie
1432 3013 1485 3077 in·

438 3123 454 3153 “
477 3118 635 3198 denturae,
648 3139 747 3206 penes
765 3117 942 3204 praefatum
956 3116 1115 3184 Thomam
1131 3115 1324 3196 remanenti,
1337 3115 1484 3204 sigillum

390 3219 397 3236 ⁴
437 3225 627 3286 “nostrum
663 3241 837 3286 oommune
875 3219 1094 3308 apposuimus.
1148 3219 1257 3286 Alteri
1285 3241 1365 3285 vero
1394 3218 1484 3306 parti

439 3329 455 3356 “
477 3322 576 3408 hujus
597 3321 793 3402 inmatura,
816 3343 915 3411 penes
937 3344 997 3389 nos
1011 3321 1204 3402 remanenti,
1219 3321 1328 3387 dictus
1343 3319 1485 3386 Thomas

439 3431 455 3458 “
477 3423 623 3512 sigillum
640 3445 736 3490 suum
756 3425 916 3512 apposuit.
961 3425 1052 3491 Data
1077 3423 1259 3512 penultimo
1286 3423 1340 3489 die
1365 3423 1487 3489 mensis

439 3532 455 3561 “
478 3525 689 3614 Septembris,
713 3548 800 3593 anno
838 3527 933 3615 regni
968 3526 1069 3616 Regis
1103 3525 1250 3607 Henrioi,
1281 3523 1377 3592 Sexti
1411 3529 1485 3614 post

314 3649 317 3656 ’
439 3633 456 3662 “
479 3628 722 3718 Conquaestum,
746 3629 911 3698 triossimo
933 3629 1066 3718 primo.''

440 3941 548 4008 rosor
568 3941 792 4014 rumano
808 3942 939 4038 um
960 3941 1062 4062 uuo
1076 3940 1117 4010 oe
1140 3962 1206 4032 qu
1219 3942 1267 4030 fle
1287 3928 1418 4012 tutto
1439 3939 1483 4008 a

857 4068 1059 4136 munum-
1230 4091 1236 4098 ·

270 4190 413 4244 Relmof
483 4173 710 4244 “²Universis
734 4175 859 4243 Christi
889 4176 1051 4254 fidelibus,
1081 4177 1125 4242 sd
1154 4196 1236 4262 quos
1257 4173 1320 4242 hoo
1342 4195 1487 4261 praesens

270 4258 375 4323 ’ΨΜ
439 4283 458 4314 “
479 4279 636 4366 seriptum
658 4280 854 4369 pervenerit,
878 4278 1019 4344 Thomas
1041 4279 1251 4366 Baringtone,
1274 4277 1316 4343 de
1331 4276 1489 4342 Hstfelde

271 4324 358 4376 Suan-

270 4393 370 4457 bumes‚
438 4387 457 4416 “
479 4381 658 4462 Brodeoke,
680 4384 718 4447 in
734 4382 906 4450 Comitotu
921 4380 1078 4462 Fssexiae,
1101 4381 1263 4469 Armiger,
1286 4379 1428 4446 salutem
1450 4377 1488 4444 in

470 4657 565 4726 musra
587 4657 668 4711 suam
687 4659 774 4712 saeco
792 4657 894 4724 nuans,
914 4667 938 4711 a
981 4657 1095 4712 unum
1107 4657 1229 4710 novara

419 4741 507 4805 ¹juata
527 4737 794 4806 uma-Magium
815 4739 889 4802 Note,
909 4739 937 4789 in
1015 4735 1400 4800 'Thehrstlsttsrisomittsh
1417 4736 1487 4790 tote

435 4835 469 4872 sn
488 4821 577 4874 earlier
593 4819 662 4873 hsnd
679 4819 741 4872 than
759 4820 814 4872 that
825 4819 854 4872 of
867 4820 936 4873 Lem
982 4818 1096 4886 supplied
1107 4817 1134 4870 in
1145 4815 1319 4872 illuminatior.
