3668 5842
455 890 519 956 266
789 897 989 952 araremuu
1011 897 1168 950 masna

368 1131 370 1140 '
453 1180 559 1249 aaa
573 1173 1000 1246 aerumnosarum
1014 1173 1162 1242 natata
1176 1173 1288 1262 aaa
1302 1172 1501 1242 amasa

840 1279 1108 1369 approbationes

283 1441 352 1492 nl).
367 1441 438 1491 145⁷.
497 1431 721 1513 “1Henrieus,
745 1430 809 1497 Dei
831 1430 947 1520 gratia,
970 1431 1044 1497 Rex
1066 1429 1197 1519 Angliae
1228 1433 1262 1496 et
1285 1427 1445 1511 Franciae,
1467 1433 1501 1496 et

283 1533 440 1650 ffifstg‘
453 1543 470 1573 ‘⁴
492 1534 654 1602 Dominus
670 1533 851 1614 Hiberniae,
868 1533 1019 1599 omnibus
1035 1534 1077 1600 ad
1092 1556 1175 1620 quos
1189 1537 1367 1620 praesentes
1381 1531 1503 1600 litterae

283 1667 398 1732 grenan
453 1645 470 1673 “
492 1637 712 1726 pervenerint,
729 1637 876 1702 salutern.
927 1636 1054 1713 Sciatis,
1071 1637 1167 1722 quod,
1182 1657 1242 1722 pro
1263 1657 1302 1701 eo
1316 1634 1406 1722 quod
1419 1657 1501 1701 non-

453 1746 471 1776 “
493 1740 586 1805 nulls
602 1739 723 1827 jocalia
745 1745 780 1804 et
802 1743 997 1804 ornamenta
1012 1737 1207 1805 dilectorum
1221 1737 1316 1803 nobis
1330 1736 1502 1815 Johannis,

452 1850 470 1879 “
491 1863 596 1930 nuper
607 1841 758 1919 Abbatis,
773 1846 808 1906 et
822 1841 1022 1921 Conventus,
1038 1839 1200 1918 Ecclesiae,
1216 1837 1285 1904 sive
1300 1838 1500 1920 Monasterii,

453 1953 471 1982 “
494 1945 611 2013 Sancti
633 1944 765 2023 Albani,
788 1965 862 2032 quae
885 1965 991 2031 nuper
1005 1965 1063 2031 per
1085 1943 1262 2030 quemdem
1283 1941 1503 2022 indenturam,

453 2055 471 2086 “
494 2048 572 2113 inde
603 2048 691 2112 inter
721 2069 775 2112 eos
807 2051 842 2113 et
864 2045 1090 2126 Humfn‘dum,
1111 2068 1218 2133 nuper
1246 2044 1373 2112 Ducem
1403 2045 1502 2110 Clon-

454 2157 475 2187 “
496 2148 633 2227 cestriae,
655 2149 846 2232 confectam,
870 2149 963 2236 cujus
984 2148 1123 2214 alteram
1145 2152 1282 2235 partem,
1299 2145 1407 2235 sigillo
1421 2169 1505 2234 prae·

454 2261 471 2288 ‘¹
493 2252 575 2319 dicti
596 2273 702 2336 nuper
724 2250 826 2318 Ducis
858 2251 1031 2338 signatam,
1054 2255 1089 2317 et
1111 2250 1231 2316 dilecto
1263 2248 1503 2336 consanguineo

454 2363 472 2391 “
493 2359 614 2432 nostro,
644 2351 818 2434 Willelmo,
846 2352 932 2419 Duci
960 2351 1157 2432 Suffolchiae,
1178 2353 1249 2438 jam
1279 2351 1442 2430 defuncto,
1465 2374 1504 2418 ac

453 2463 472 2493 “
494 2455 675 2522 venerabili
712 2454 809 2542 patri,
841 2455 1019 2536 Willelmo,
1056 2455 1217 2543 Episcopo
1259 2451 1502 2540 Wyntoniensi,

454 2565 473 2595 “
496 2581 603 2646 nuper
637 2558 674 2622 in
697 2558 838 2644 quodam
865 2561 1021 2639 tractatu,
1044 2559 1319 2645 permundatum
1342 2563 1502 2638 nostrum,

455 2668 474 2699 ‘⁴
496 2683 538 2728 ex
560 2663 654 2748 parte
669 2665 790 2738 nostra,
808 2681 881 2724 oum
905 2657 1029 2725 eisdem
1044 2660 1176 2726 Abbate
1198 2666 1233 2726 et
1253 2660 1426 2726 Conventa
1443 2682 1502 2746 pro

454 2763 652 2852 “jocalibus
689 2761 856 2848 praedietis
889 2762 1035 2839 ‘habito
1082 2767 1254 2842 ostensam,
1291 2762 1503 2849 inspeximus,

455 2876 473 2907 “
495 2869 636 2934 liberata
666 2867 802 2932 fuerunt
836 2865 943 2931 eidem
978 2865 1065 2934 Duci
1099 2866 1321 2945 Cloucestriaa,
1347 2866 1390 2932 ad
1422 2888 1503 2955 opus

454 2971 672 3039 “eorundem
703 2969 847 3035 Abbatis
879 2973 913 3034 et
944 2969 1137 3036 Conventus
1158 2971 1250 3036 salvo
1282 2969 1502 3050 custodienda,

456 3080 594 3164 “prout
616 3071 711 3139 nobis
733 3077 861 3138 constat
883 3093 942 3158 per
964 3072 1175 3138 indenturam
1198 3072 1310 3138 illam:
1333 3094 1408 3159 quae
1432 3073 1504 3160 qui·

455 3185 474 3215 “
497 3177 572 3243 dem
590 3174 712 3262 jocalia
735 3179 770 3239 et
792 3179 994 3252 ornamenta,
1016 3178 1092 3262 post
1114 3179 1253 3240 mortem
1275 3174 1379 3261 ipsius
1398 3196 1504 3261 nuper

456 3287 475 3318 “
497 3279 607 3361 DuciS,
638 3300 696 3365 per
726 3298 795 3356 nos,
828 3278 869 3342 de
900 3298 1035 3342 assensu
1069 3283 1103 3343 et
1134 3276 1309 3344 voluntate
1340 3275 1504 3343 dictorum

457 3391 474 3420 “
495 3381 640 3448 Abbatis
671 3379 735 3446 loci
763 3379 922 3467 praedicti,
949 3384 983 3446 et
1013 3385 1094 3447 tuno
1124 3379 1317 3446 Conventus
1348 3379 1503 3466 ejusdem,

456 3491 474 3520 “
496 3485 539 3550 ad
576 3481 720 3569 Collegia
765 3486 878 3546 nostra
915 3483 1039 3570 regalia
1079 3481 1120 3548 de
1164 3482 1274 3547 Etona
1311 3487 1345 3548 et
1381 3482 1504 3549 Canta

457 3591 475 3622 “
497 3585 604 3672 brigia
626 3605 774 3650 concessa
805 3583 950 3662 fluerunt,
972 3584 1106 3664 ibidem,
1132 3583 1233 3671 juxte
1262 3585 1503 3651 ordinationem

456 3693 475 3723 “
497 3693 652 3765 nostram,
675 3685 736 3749 ³iu
768 3690 964 3772 perpetuum
994 3707 1216 3773 permansura,
1249 3707 1309 3772 pro
1341 3687 1505 3774 condigna

456 3799 474 3826 “
496 3788 717 3857 satisfactione
739 3788 816 3854 inde
839 3788 965 3854 Abbati
980 3794 1013 3855 et
1030 3787 1220 3855 Conventui
1242 3789 1363 3854 eisdem
1386 3789 1502 3856 fienda

456 3902 474 3929 “
496 3894 546 3959 Ac
574 3891 783 3984 postmodum
812 3891 913 3956 iidem
940 3891 1053 3956 Abbas
1082 3896 1117 3957 et
1149 3891 1349 3970 Conventus,
1379 3915 1438 3980 pro
1469 3914 1503 3958 se

457 4003 474 4032 “
497 4001 532 4062 et
564 3993 799 4062 successoribus
832 3993 912 4072 suis,
933 3997 1043 4060 totum
1069 3992 1134 4080 jus,
1163 3994 1310 4076 titulum,
1336 3999 1371 4060 et
1400 3995 1504 4062 inter·

458 4105 476 4135 “
498 4120 566 4165 esee
599 4119 667 4178 sua,
692 4095 827 4184 quaein
851 4095 1015 4183 jocalibus
1036 4101 1071 4162 et
1104 4097 1306 4164 ornamentis
1338 4097 1504 4185 praedietis

458 4207 476 4236 “
498 4201 694 4281 habuerunt,
733 4199 920 4285 Praepositis
953 4197 1171 4286 Collegiorum
1201 4205 1388 4266 nostrorum
1421 4223 1504 4288 prae·

457 4311 474 4340 “
497 4304 658 4370 dictorum
680 4302 877 4367 remiserunt
899 4306 933 4366 et
954 4299 1321 4381 relaxaverunt-Nos,
1337 4303 1505 4391 praemissa

457 4413 475 4440 “
497 4405 748 4484 considerantes,
795 4424 833 4469 ae
869 4402 1067 4490 condignam
1114 4404 1370 4472 satisfactionem
1415 4427 1505 4472 nunc

456 4513 474 4544 “
498 4507 625 4574 Abbati
653 4512 688 4572 et
709 4505 899 4572 Conventui
921 4505 985 4572 loci
1018 4505 1177 4593 praedicti,
1201 4512 1235 4573 et
1266 4509 1505 4576 suecessoribus

492 4767 958 4828 ¹Thefirstlattarisomittad3tobe
1036 4765 1270 4818 manumissus.

458 4848 606 4917 suppliedin
618 4847 791 4900 illuminatior.
1036 4844 1266 4912 'inperpetuum
1278 4845 1334 4898 MS.
