3640 5842
432 929 498 992 360
764 942 962 992 aaursrnms
982 939 1140 992 summm
1234 1012 1239 1021 Ι

264 1133 331 1184 Μ).
345 1137 417 1184 14⁶0·
478 1125 691 1193 Revertentes
720 1129 832 1193 nuncii
862 1127 951 1209 dicti,
975 1132 1010 1193 et
1031 1126 1158 1194 Abbati
1185 1128 1372 1205 referentes,
1393 1145 1473 1211 quo·

264 1215 420 1334 ffigffi'g'
433 1229 530 1294 modo
567 1229 603 1293 in
637 1252 696 1295 suo
729 1228 862 1296 fuerunt
895 1230 1026 1316 negotio
1058 1229 1214 1317 expediti,
1235 1231 1473 1316 suggessemnt,

264 1349 390 1400 Abbotto
434 1329 694 1418 ¹suaseruntque
723 1333 884 1420 posterius
915 1333 1065 1399 concordi
1095 1354 1183 1415 voce,
1206 1354 1243 1398 ac
1272 1330 1474 1398 concorditer

265 1415 404 1532 ἓξὲξ]
433 1435 673 1514 consuluerunt,
699 1441 745 1513 ut,
768 1435 912 1501 celeriori
943 1433 1039 1500 modo
1062 1456 1127 1521 quo
1150 1433 1318 1514 sufficeret,
1341 1435 1474 1519 propter

266 1519 389 1599 without'
433 1535 613 1620 periculum
644 1537 680 1601 iu
712 1559 811 1613 mora,
833 1536 971 1603 verbum
1005 1535 1126 1601 iterum
1149 1536 1191 1601 de
1213 1557 1273 1600 sua
1303 1533 1474 1600 voluntate

267 1617 346 1680 ΜΨ·
433 1637 624 1716 remitteret,
640 1643 683 1718 et,
699 1638 728 1704 ei
750 1637 900 1724 placeret,
924 1643 1058 1725 pactum
1080 1660 1138 1725 pro
1160 1637 1253 1704 finali
1268 1635 1473 1704 conclusione

432 1739 646 1806 effectualiter
668 1739 853 1820 laboraret;
877 1747 1065 1820 asserentes,
1081 1763 1119 1806 aa
1141 1740 1243 1806 otiam
1265 1737 1473 1815 affirmantes,

432 1841 593 1928 quomodo
623 1842 849 1928 competitores
881 1841 1025 1909 habebat
1055 1843 1142 1908 idem
1174 1841 1336 1908 Dominus
1368 1839 1475 1906 indies

433 1943 641 2030 quamplures
663 1966 723 2030 pro
746 1944 909 2030 emptione
931 1943 1069 2010 manerii
1095 1945 1155 2022 sui,
1178 1944 1382 2030 qualiterque
1411 1941 1474 2028 ipsi

433 2066 639 2131 nequaquam
661 2045 793 2112 fuerant
826 2045 867 2111 de
889 2047 1035 2113 inferiori
1068 2068 1186 2134 genere
1212 2046 1326 2132 plebis,
1349 2043 1474 2109 ²immo

432 2149 551 2226 verius,
581 2148 622 2214 de
650 2149 761 2216 altiori
791 2155 881 2215 statu
911 2149 1080 2236 graduque
1110 2150 1214 2216 totius
1244 2149 1337 2236 regni
1366 2147 1473 2232 hujus.

434 2250 677 2317 Consuluerunt
698 2252 802 2338 igitur
824 2252 861 2329 si,
876 2251 961 2317 etin
984 2256 1154 2336 quantum,
1175 2253 1211 2316 in
1233 2251 1329 2318 firmo
1344 2251 1475 2334 fixoque

433 2357 537 2418 staret
566 2351 732 2439 proposito
764 2354 807 2419 ad
839 2353 1024 2419 habendum
1056 2355 1239 2420 manerium
1272 2354 1407 2431 dictum,
1435 2357 1475 2417 ut

433 2476 562 2521 omnem
587 2477 719 2533 inuram,
742 2460 876 2542 propter
905 2456 1120 2522 variationem
1149 2457 1186 2521 in
1216 2455 1361 2533 materia,
1385 2475 1476 2540 sepo-

380 2579 386 2589 ’
432 2561 533 2636 neret,
566 2563 836 2643 connecteretque
873 2558 1018 2625 finaliter
1051 2564 1193 2644 paetum,
1216 2563 1251 2624 et
1278 2562 1476 2634 contexeret,

434 2659 511 2744 quia
534 2679 591 2744 per
614 2658 814 2738 dilationem,
837 2671 972 2747 propter
994 2683 1124 2726 oausam
1147 2661 1280 2739 dictam,
1295 2659 1475 2747 periculum

433 2760 565 2826 evenire
586 2766 703 2846 posset.

268 2872 421 2934 TheAbbot,
477 2862 599 2940 Abbas,
621 2866 754 2949 propter
776 2862 844 2928 haeo
867 2883 926 2928 sua
948 2861 1056 2941 verba,
1081 2864 1238 2928 reducens
1264 2868 1409 2929 recenter
1433 2861 1476 2926 ad

267 2939 386 3056 ἓξὲξ
435 2965 623 3030 memoriam
645 2964 729 3030 illud
751 2965 839 3050 quod
862 2965 977 3030 scribit
999 2964 1242 3030 ³Metrista:·-

266 3074 390 3188 :fffflq
480 3113 497 3139 “
514 3103 596 3170 Cum
620 3125 711 3169 mora
732 3125 799 3169 non
823 3107 900 3168 tuta
922 3108 980 3184 est,
1002 3104 1081 3168 totis
1104 3103 1290 3168 incumbere
1312 3104 1410 3170 remis

266 3205 424 3322 ffinmd
525 3212 543 3241 “
559 3205 661 3284 Utile,
683 3211 717 3271 et
740 3205 916 3271 admissum
940 3206 1078 3271 subdere
1100 3181 1204 3270 calcir
1226 3205 1334 3291 equo‚'’

267 3338 379 3396 mother,
435 3367 473 3410 aa
496 3345 595 3412 etiam
618 3346 717 3424 istud,

267 3404 325 3453 who
337 3419 403 3454 com-

266 3470 419 3586 prlffission
481 3489 498 3514 “
513 3479 627 3546 4Tolle
650 3502 764 3562 moras,
787 3481 899 3547 nocuit
922 3503 1048 3567 seraper
1071 3481 1200 3546 differre
1222 3481 1374 3568 paratie,”

267 3601 328 3651 *iffi
338 3603 408 3652 Μὰ
435 3637 513 3680 mox
537 3615 667 3680 illorum
690 3615 856 3681 ⁵coneiliis
886 3615 1101 3702 acquieverat,
1128 3616 1290 3701 missoque
1321 3615 1364 3680 ad
1392 3635 1475 3701 prae·

268 3668 383 3734 suceley.
435 3717 572 3782 sentiam
604 3717 738 3782 Domini
775 3718 916 3782 Domino
951 3716 1115 3783 Willelmo
1155 3716 1379 3804 Walyngsord,
1417 3737 1476 3782 ⁵¹²⁰

438 3819 681 3900 Archidiacono‚
703 3829 738 3885 et
761 3819 920 3906 Magistro
943 3819 1094 3885 Johanne
1110 3819 1264 3906 Peytone,
1287 3819 1425 3886 Doctorc
1441 3820 1475 3886 iu

433 3922 591 4000 Decretis,
614 3943 689 3987 cum
710 3927 875 4008 potestate
905 3922 948 3986 ad
976 3923 1233 4000 intractandum,
1255 3922 1475 4008 interloquen-

433 4025 522 4103 dum,
536 4025 746 4111 plenarieque
768 4026 803 4090 in
826 4026 965 4089 materia
986 4025 1029 4088 ad
1050 4025 1319 4101 concordandum,
1336 4025 1475 4102 demum,

433 4133 623 4212 cooperante
661 4127 723 4192 lllo
761 4127 818 4212 qui
855 4132 989 4192 cunctas
1026 4127 1168 4193 actiones
1197 4128 1268 4213 pias
1302 4126 1476 4213 aspirando

433 4230 601 4317 praevenit,
625 4234 659 4293 ct
690 4228 877 4315 adjuvando
909 4229 1123 4316 prosequitur,
1156 4235 1263 4295 totum
1296 4251 1353 4316 per
1390 4229 1476 4316 ipsos

433 4353 527 4396 suum
551 4331 754 4418 propositum
776 4331 921 4396 finaliter
943 4331 1164 4397 concludebat

750 4513 897 4520 ——-......-
950 4515 969 4520 -
1038 4515 1141 4521 .-..-.-
1200 4513 1469 4523 -.-.---..---

467 4618 475 4648 ¹
486 4617 664 4681 suaderentque
674 4617 700 4666 in
713 4617 768 4669 MS.
1014 4619 1024 4650 ⁴
1037 4619 1130 4676 Lucan,
1144 4617 1286 4680 lersuliu,
1299 4620 1314 4670 i.
1327 4621 1343 4670 l.
1355 4625 1411 4670 281.

466 4695 477 4728 ²
485 4713 538 4760 ymo
549 4696 575 4745 in
586 4696 642 4747 MS.
1013 4700 1023 4728 ⁸
1034 4695 1140 4748 mnata
1151 4699 1176 4748 iu
1189 4699 1244 4750 MS.

465 4775 476 4807 ³
489 4775 563 4836 Ovio,
574 4775 634 4826 tire.
647 4777 701 4826 Aru.
713 4777 739 4827 ii.
752 4777 776 4827 ll.
791 4779 849 4841 7³1,
859 4783 882 4827 2.
896 4789 899 4798 “
