3668 5842
440 907 502 972 226
771 919 969 969 ereremum
992 917 1148 967 unsaris

270 1118 425 1170 A.D.1456.
440 1113 457 1142 “
480 1107 560 1172 dum
576 1105 726 1172 danobis
748 1111 783 1171 et
797 1106 1035 1173 successoribus
1057 1105 1187 1184 nostris,
1204 1103 1368 1184 videlicet,
1384 1103 1486 1189 quod-

441 1219 457 1245 “
478 1210 562 1274 libet
583 1209 814 1296 praedictorum
838 1210 1057 1275 maneriorum
1083 1231 1142 1296 per
1171 1207 1330 1294 praedicta
1352 1205 1487 1271 servitia

441 1321 458 1348 “
480 1313 634 1398 homagii,
666 1301 846 1391 fidelitatis,
876 1316 910 1377 et
941 1311 1097 1390 redditus,
1128 1310 1292 1376 reddendo
1324 1308 1421 1374 nobis
1451 1311 1487 1373 et

441 1423 458 1450 “
480 1415 714 1490 successoribus
746 1414 874 1493 nostris,
907 1437 966 1501 pro
989 1413 1137 1501 quolibet
1169 1413 1345 1478 eorundem
1378 1431 1488 1476 mane-

442 1524 460 1554 “
481 1519 613 1596 riorum,
628 1539 732 1582 unum
755 1517 925 1582 denarium
941 1522 1075 1582 tantum
1090 1515 1273 1598 annuatim,
1288 1514 1331 1578 ad
1350 1513 1487 1580 Festum

441 1626 458 1655 “
481 1618 595 1686 Sancti
617 1619 787 1685 Michaelis
808 1619 1008 1706 Archangeli
1028 1617 1230 1698 solvendum,
1252 1639 1313 1705 pro
1336 1614 1488 1681 omnibus

365 1750 370 1763 ·
441 1731 457 1757 “
479 1723 553 1787 aliis
575 1722 728 1802 servitiis,
752 1721 987 1802 exactionibus,
1010 1727 1045 1787 et
1067 1719 1194 1787 cunctis
1217 1719 1387 1785 domandis
1408 1717 1487 1783 inde

431 1833 457 1876 ·“
479 1824 602 1890 debitis
623 1847 681 1891 seu
702 1824 909 1904 exeuntibus,
931 1823 1138 1912 approbasse,
1160 1821 1346 1902 notificasse,
1370 1825 1405 1887 ct
1430 1841 1488 1907 per

440 1931 458 1960 “
480 1933 656 2014 praesentes
679 1927 885 1994 ¹ratificasse.
931 1927 982 1992 Ac
996 1927 1130 2014 insuper
1144 1925 1304 1992 noveritis
1319 1945 1388 2006 nos,
1403 1945 1486 2011 prae·

441 2037 457 2064 “
479 2029 565 2094 fatos
596 2027 762 2094 Abbatcm
797 2034 832 2095 et
863 2029 1081 2112 Conveniam,
1112 2033 1245 2106 statum,
1276 2028 1421 2106 titulum,
1453 2031 1489 2092 et

440 2140 457 2165 “
480 2132 714 2218 possessionem
729 2131 879 2218 praedicti
896 2131 1065 2220 Radulphi
1082 2132 1123 2197 de
1137 2137 1173 2196 et
1187 2131 1223 2196 in
1238 2130 1391 2196 omnibus
1413 2129 1487 2195 aliis

442 2243 458 2268 “
480 2234 663 2321 mesuagiis,
693 2234 839 2320 octagiis,
870 2235 977 2312 terris,
1011 2239 1046 2300 ct
1078 2235 1280 2300 tenementis
1313 2232 1487 2320 praedictis,

439 2342 459 2371 “
481 2357 556 2402 cum
585 2337 803 2423 pertinentiis,
826 2337 1016 2403 habendum
1048 2337 1155 2404 eidem
1178 2336 1362 2424 Rcdulpho,
1385 2336 1489 2406 haere·

440 2446 457 2473 “
481 2440 587 2518 dibus,
617 2445 652 2505 et
680 2439 856 2526 assignatis
888 2440 955 2506 suis
977 2437 1039 2505 ”in
1069 2444 1277 2528 perpetuum,
1304 2438 1487 2504 tenendum

440 2547 459 2577 “
481 2541 522 2608 de
543 2541 639 2606 nobis
660 2547 695 2607 et
716 2541 954 2608 successoribus
975 2543 1104 2622 nostris,
1126 2542 1288 2620 videlicet,
1310 2541 1401 2606 dicta
1422 2540 1487 2607 duo

441 2651 458 2677 “
480 2644 592 2727 crofta,
615 2648 747 2722 terram,
770 2648 804 2710 et
833 2667 979 2732 gravam,
1004 2667 1079 2731 quae
1108 2667 1213 2731 nuper
1244 2645 1378 2708 fuerunt
1408 2642 1487 2709 dicti

442 2751 460 2780 “
482 2745 617 2812 Thomae
639 2746 750 2833 Waps,
773 2768 831 2833 per
853 2747 943 2812 dicta
973 2748 1109 2813 servitia
1131 2746 1302 2812 fidelitatis
1333 2745 1489 2811 etunius

440 2857 456 2882 “
480 2849 674 2934 quadrantis
685 2873 694 2930 ;
717 2853 751 2914 ct
773 2849 864 2916 dieta
885 2855 1016 2930 terram
1040 2855 1182 2937 pratum,
1199 2855 1234 2914 et
1255 2848 1398 2929 boscum,
1414 2869 1488 2913 cum

442 2959 458 2984 ‘¹
480 2952 698 3037 pertinentiis,
721 2955 794 3038 quae
816 2975 923 3040 nuper
945 2953 1080 3019 fuerunt
1102 2953 1183 3018 dicti
1200 2951 1321 3039 Rogeri
1335 2952 1488 3028 Downer,

440 3061 457 3088 “
479 3077 538 3142 per
560 3055 695 3120 servitia
724 3055 897 3121 fidelitatis
919 3055 1075 3122 etunius
1096 3055 1310 3140 quadrantis3
1342 3059 1378 3119 et
1400 3053 1490 3119 dicta

440 3163 458 3190 “
480 3157 546 3221 tria
576 3157 682 3222 crofta
710 3162 830 3222 vocata
853 3157 1050 3244 ‘Hawkyns
1081 3157 1112 3222 la
1143 3155 1253 3236 Beue}
1276 3177 1351 3243 quae
1381 3177 1488 3242 nuper

440 3263 458 3294 “
480 3260 614 3324 fuerunt
640 3258 664 3323 J
666 3259 805 3324 ohannis
828 3259 985 3347 Femylle,
1007 3281 1067 3347 per
1095 3259 1291 3325 fidelitatem
1321 3263 1356 3324 ct
1385 3257 1488 3324 servi-

439 3361 566 3426 “tium
589 3362 688 3427 unius
711 3361 924 3448 quadrantis;
957 3367 992 3428 et
1014 3361 1140 3430 dietum
1170 3360 1488 3458 curtilagium,.cum

442 3463 619 3550 “gardino
649 3468 685 3529 ct
715 3463 825 3529 tribus
857 3464 941 3530 acris
974 3469 1072 3532 terrae
1105 3464 1340 3551 adjacentibus,
1362 3464 1487 3530 vocatis

440 3573 457 3599 “
480 3564 697 3652 ‘Blakettys,'
711 3587 771 3652 per
792 3566 988 3632 fidelitatem
1012 3572 1047 3633 at
1068 3567 1242 3633 servitium
1265 3566 1364 3633 unius
1387 3564 1490 3652 quad·

441 3675 460 3703 ‘⁸
481 3669 607 3749 rantis;
647 3673 682 3734 et
719 3668 844 3734 dictum
881 3671 1093 3758 mesuagium,
1128 3671 1291 3757 quondam
1325 3669 1487 3736 Johannis

442 3777 459 3806 “
481 3774 552 3837 atto
575 3771 675 3851 More,
697 3793 756 3859 per
777 3772 973 3838 fidelitatem
996 3779 1030 3839 et
1061 3772 1234 3839 servitium
1263 3773 1362 3840 unius
1385 3773 1488 3859 quad-

441 3883 457 3908 “
480 3873 608 3952 rantis;
630 3879 665 3940 et
688 3874 813 3940 dictum
835 3876 1048 3962 mesuagium,
1066 3875 1232 3962 quondam
1247 3876 1329 3942 dicti
1351 3874 1486 3941 'ihomas

440 3985 456 4010 “
479 3975 653 4056 Biakettis‚
674 3998 733 4065 per
762 3977 958 4044 fidelitatem
989 3983 1024 4043 et
1053 3979 1225 4044 servitium
1256 3979 1355 4044 unius
1385 3977 1488 4065 quad-

441 4085 459 4114 “
481 4080 608 4160 rantis;
630 4085 664 4145 et
687 4079 814 4145 dictum
836 4081 1048 4168 mesuagium,
1067 4083 1233 4168 quondam
1255 4081 1406 4170 praedicti
1429 4081 1489 4147 Jo-

443 4189 459 4216 “
480 4180 600 4248 hannis
621 4182 792 4270 Aygneile,
816 4204 874 4270 per
901 4184 1098 4251 fidelitatem
1128 4191 1163 4252 ct
1194 4186 1366 4252 servitium
1390 4184 1488 4250 unius

441 4289 458 4318 “
481 4285 692 4370 quadrantis5
723 4291 758 4351 ct
780 4286 870 4351 dicta
892 4291 1035 4373 quatuor
1057 4287 1193 4376 cotagia,
1217 4287 1383 4375 quondam
1404 4309 1488 4375 prae-

440 4393 458 4420 “
480 4386 562 4452 dicti
585 4387 718 4454 'thomae
744 4387 916 4468 Blakettis,
940 4411 999 4477 per
1029 4389 1224 4458 fidelitatem
1258 4395 1294 4456 et
1315 4391 1488 4457 servitium

440 4489 578 4553 “unius
601 4491 813 4575 quadrantis3
849 4496 882 4556 et
905 4491 995 4557 dicta
1016 4493 1139 4560 toftum
1170 4503 1204 4560 et
1233 4493 1375 4581 triginta
1396 4514 1487 4559 acras

439 4595 456 4624 “
480 4594 588 4673 terrae,
612 4585 777 4676 quondam
807 4593 889 4659 dicti
912 4593 1075 4662 Johannis
1097 4595 1242 4676 Pelham,
1266 4619 1325 4687 per
1347 4595 1489 4662 fidelita-

472 4896 541 4963 ¹Qy.
552 4897 628 4949 iinot
638 4899 800 4962 corfimrcaae.
951 4900 957 4970 Ι
1003 4898 1196 4969 'mmmmm
1206 4901 1235 4954 in
1247 4903 1305 4956 Ma.
