3588 5838
422 869 464 932 46
590 897 595 918 ι
755 881 954 930 nncrsruuu
976 881 1131 930 anasum

254 1078 440 1136 aD.1crs.“
462 1071 649 1149 ‘venerint
664 1071 815 1138 salutem.
853 1071 974 1138 Sciatis
996 1071 1083 1157 quod
1105 1091 1175 1147 nos,
1203 1069 1243 1146 de
1266 1069 1376 1156 gratia
1397 1091 1471 1135 nos·

423 1182 438 1208 “
463 1179 540 1239 ‘tra
561 1164 704 1260 speciali,
737 1174 862 1260 absque
887 1175 955 1239 fine
986 1193 1044 1238 seu
1078 1171 1173 1237 feodo
1205 1171 1284 1237 inda
1315 1171 1359 1236 ad
1390 1192 1471 1260 opus

421 1283 439 1313 “
462 1282 634 1342 ‘nostrum
658 1277 825 1358 solvende,
848 1276 1063 1342 concessimus
1077 1281 1112 1340 et
1130 1273 1297 1340 licentiam
1312 1273 1472 1353 dedimus,

422 1384 440 1414 “
463 1386 545 1466 ‘pro
567 1379 664 1446 nobis
691 1384 726 1445 et
748 1379 933 1446 haeredibus
967 1379 1101 1459 nostris,
1123 1381 1286 1463 quantum
1308 1376 1345 1441 in
1376 1375 1473 1442 nobis

422 1488 440 1516 “
463 1489 546 1561 ‘est‚
569 1482 736 1549 carissimo
758 1482 922 1548 auunculo
956 1485 1078 1561 nostro,
1114 1480 1293 1546 Humfn'do
1317 1479 1359 1544 de
1384 1479 1471 1544 Lan-

418 1593 440 1620 “
464 1591 599 1667 ‘castra
617 1587 704 1652 Duci
724 1584 948 1666 Gloucestriae,
964 1585 1060 1671 'quod
1082 1585 1161 1672 ipse,
1185 1583 1228 1648 ad
1243 1582 1308 1648 Dei
1329 1582 1471 1662 laudem,

422 1695 440 1722 “
463 1695 521 1754 ‘et
554 1690 597 1755 ad
631 1689 746 1755 divina
779 1690 922 1766 servitia,
955 1709 1015 1775 pro
1047 1687 1171 1752 salubri
1209 1691 1301 1752 statu
1337 1686 1404 1766 suo,
1434 1707 1472 1749 ac

421 1797 439 1826 “
463 1791 661 1871 ‘Alianorsa
687 1793 845 1858 consortis
879 1813 956 1868 suae,
983 1790 1143 1877 quamdiu
1164 1788 1322 1865 vixerint,
1344 1792 1379 1853 et
1412 1808 1471 1872 pro

422 1900 440 1926 “
463 1893 659 1960 ‘animabus
701 1895 776 1973 suis,
815 1915 890 1959 cum
928 1895 971 1958 ab
1009 1892 1081 1958 luce
1117 1891 1343 1979 migraverint,
1364 1935 1367 1942 -
1370 1889 1472 1974 juxta

422 2003 438 2030 “
462 1996 726 2062 ‘ordinationem
758 1997 840 2062 dicti
874 1997 1031 2062 avunculi
1065 1995 1180 2074 nostri,
1211 1995 1249 2058 in
1282 1993 1343 2058 hac
1377 1998 1472 2079 parte

421 2103 440 2133 “
463 2098 679 2180 {faciendam
702 2099 739 2164 in
762 2099 907 2164 Ecclesia
929 2098 1150 2166 Conventuali
1164 2096 1343 2162 Abbathiae
1359 2095 1472 2162 Sancti

421 2207 438 2233 “
462 2200 617 2280 ‘Albani
632 2223 706 2288 quse
729 2201 770 2267 de
792 2201 989 2268 fundatione
1011 2201 1202 2266 inclitorum
1224 2200 1471 2286 progenitorum

420 2308 438 2337 “
462 2308 681 2384 ‘nostrorum
706 2305 873 2391 quondam
908 2305 1037 2391 Regum
1059 2302 1200 2389 Angliae,
1224 2308 1259 2368 et
1280 2307 1393 2367 nostro
1414 2324 1472 2389 pa

420 2409 439 2438 ‘³
462 2409 634 2483 ‘tronatu
657 2405 785 2482 existit,
808 2405 869 2470 ¹in
898 2411 1094 2492 perpetuum
1121 2403 1362 2485 celebrandum,
1394 2404 1472 2468 dare

421 2514 438 2540 ‘¹
462 2508 599 2593 ‘possit
622 2513 657 2573 et
679 2507 855 2594 assignare,
872 2508 1001 2573 dilectis
1023 2508 1120 2574 nobis
1144 2507 1181 2571 in
1196 2506 1330 2574 Christo
1344 2505 1471 2572 Abbati

424 2614 442 2644 “
467 2615 525 2674 ‘et
548 2609 739 2676 Conventui
765 2611 828 2676 loci
852 2609 1005 2698 praedicti
1020 2611 1210 2676 Prioratum
1234 2609 1275 2675 de
1297 2607 1471 2675 Penbroke

420 2717 439 2746 “
463 2712 713 2800 ‘alienigenam
736 2714 773 2779 in
796 2714 948 2801 partibus
962 2712 1198 2792 Southwalliae,
1222 2733 1295 2778 cum
1319 2713 1471 2778 omnibus

422 2818 440 2846 “
463 2815 554 2879 ‘suis
572 2815 704 2901 jruibus
719 2823 754 2882 et
776 2816 1007 2902 pertinentiis3
1030 2815 1220 2882 babendum
1239 2820 1274 2881 et
1287 2815 1471 2880 tenendum

422 2921 441 2952 “
464 2917 676 2984 ‘Prioratum
713 2919 920 3006 praedictum‚
958 2941 1026 2985 una
1059 2941 1134 2984 cum
1172 2917 1324 2984 omuibus
1364 2918 1470 3000 terris,

421 3023 438 3052 “
462 3025 471 3056 ‘
486 3023 693 3102 tenementis,
708 3023 903 3103 redditibus,
920 3023 1074 3101 servitiis,
1097 3022 1270 3100 fluctibus,
1285 3017 1471 3107 2proficuis,

421 3130 438 3156 “
462 3124 641 3206 ‘exitibus
658 3125 801 3204 decimis,
817 3125 1047 3206 oblationibus,
1072 3123 1329 3203 reventionibus‚
1352 3125 1471 3189 annui-

420 3229 439 3258 “
462 3226 620 3306 ‘tatibus
659 3227 879 3314 pensionibus,
918 3227 1133 3314 portionibus,
1172 3227 1328 3315 apportis‚
1364 3227 1471 3304 rebus,

421 3335 438 3361 “
462 3335 470 3361 ‘
479 3327 620 3412 juribus,
636 3334 671 3393 et
693 3329 885 3416 privilegiis,
909 3330 1137 3417 spiritualibus
1161 3333 1195 3396 et
1225 3328 1471 3416 temporalibus,

422 3433 441 3464 “
464 3437 472 3464 ‘
487 3431 751 3515 possessionibus,
766 3431 939 3520 homagiis,
961 3432 1188 3512 fidelitatibus,
1210 3432 1351 3513 releviis,
1366 3432 1471 3497 feodis

421 3536 440 3566 “
463 3531 641 3614 ‘militum
653 3534 954 3622 perquisitionibus
967 3536 1239 3603 advocationibus
1251 3535 1470 3617 ecclesiarum,
1526 3581 1531 3590 -

422 3638 442 3668 “
465 3633 695 3718 ‘vinariarum
719 3637 927 3725 capellarum,
951 3645 986 3705 et
1020 3639 1244 3728 hospitalium,
1268 3639 1471 3719 franchesiis,

423 3740 441 3768 “
464 3735 706 3820 ‘libertatibus
742 3741 993 3821 reversionibus,
1017 3742 1223 3821 molendinis,
1255 3742 1363 3822 curiis,
1386 3742 1470 3824 letis,

421 3847 438 3872 “
463 3838 613 3906 ‘visibus
634 3841 931 3932 franciplaglorum,
955 3845 1098 3924 escaetis,
1121 3845 1253 3924 wardia,
1277 3845 1470 3932 maritagils,

421 3946 438 3974 “
462 3941 598 4022 ‘boscis
631 3947 804 4028 warennis,
839 3946 1064 4026 forisfacturis,
1086 3949 1195 4026 moris,
1228 3948 1383 4029 mariscis,
1406 3948 1472 4036 pir·

420 4051 439 4077 “
462 4045 590 4125 ‘uariis
611 4049 727 4134 pratis,
755 4050 891 4134 pascuis,
914 4051 1068 4136 pasturis,
1099 4050 1230 4138 wayfes
1254 4055 1390 4138 strayes,
1421 4052 1472 4115 in-

422 4151 440 4181 “
463 4147 658 4236 ‘fangthief
683 4153 932 4240 outefangthief,
956 4176 1052 4234 anno,
1076 4154 1139 4236 die,
1163 4159 1198 4220 et
1218 4159 1323 4234 vasto,
1346 4155 1473 4221 catallis

422 4254 440 4284 “
464 4251 633 4317 ‘felonum
656 4262 690 4319 et
712 4254 939 4342 fugitivorum,
956 4263 992 4324 et
1013 4259 1246 4346 utlagatorum‚
1270 4265 1305 4324 et
1326 4258 1471 4324 felonum

420 4359 440 4388 “
463 4354 527 4420 ‘de
550 4376 593 4434 se,
616 4355 805 4439 deodandis,
822 4364 857 4424 et
879 4360 1032 4426 omuibus
1055 4360 1128 4426 aliis
1151 4361 1306 4449 proficuis
1328 4369 1362 4428 et
1385 4384 1472 4429 com-

422 4461 442 4491 “
465 4456 713 4540 ‘moditatibus
737 4461 825 4526 dicto
849 4461 1016 4529 Prioratui
1031 4464 1141 4550 aliquo
1156 4465 1253 4530 modo
1275 4465 1471 4552 pertinenti-

421 4562 439 4592 “
464 4559 557 4642 ‘bus,
574 4561 644 4626 sive
659 4564 895 4649 spectantibus,
911 4566 993 4632 adeo
1008 4567 1104 4654 plene
1119 4571 1154 4633 et
1168 4568 1299 4655 integre
1313 4569 1398 4635 sicut
1412 4589 1473 4635 nos

458 4810 465 4842 ¹
481 4811 654 4876 imperpetuum
665 4812 692 4862 in
704 4813 761 4864 MS.
943 4815 948 4884 Ι
995 4819 1005 4848 ²
1013 4819 1143 4882 proficuir'r
1154 4820 1180 4871 iu
1191 4821 1247 4874 MS.
