3588 5838
456 882 501 944 82
795 893 1171 946 mmmm

289 1095 359 1148 ΔΙ)
373 1095 476 1148 Μ’*
496 1090 712 1176 speetatmis3
751 1090 801 1155 its
833 1090 967 1177 quod
956 1090 1021 1178 apsi
1052 1088 1148 1154 Prior
1179 1095 1216 1154 et
1238 1088 1433 1156 Conventus
1461 1088 1504 1153 de

456 1191 742 1278 “,temporabbus
763 1214 803 1258 ac
816 1191 915 1258 bonis
932 1197 968 1258 et
981 1192 1081 1258 rebus
1095 1192 1205 1269 illis,
1194 1214 1230 1256 ιιι
1252 1193 1393 1280 singulis
1407 1213 1504 1256 vaea-

456 1293 645 1359 “tionibus
665 1293 842 1381 praedictis,
864 1293 999 1382 plenam
1022 1300 1058 1361 et
1082 1294 1221 1360 liberam
1242 1293 1504 1360 administratio·

457 1405 477 1436 “
497 1419 574 1462 nem
595 1396 749 1478 habeant,
772 1403 808 1463 et
828 1397 908 1464 inde
936 1397 1108 1485 disponere
1136 1403 1173 1462 et
1194 1397 1347 1463 ordinare
1368 1395 1506 1485 pomt,

456 1507 478 1538 “
498 1503 598 1588 prout
630 1499 679 1564 eis
710 1498 828 1566 melius
856 1505 891 1565 et
917 1499 1033 1565 utilius
1054 1500 1225 1565 videbitur
1245 1499 1441 1578 faciendum,
1469 1503 1506 1563 et

458 1607 596 1692 “prout
617 1601 731 1667 Abbas
761 1601 843 1668 dicti
873 1601 946 1681 loci,
968 1623 1028 1690 pro
1060 1607 1210 1690 tempore
1242 1602 1398 1680 existens,
1425 1600 1505 1666 inde

457 1711 476 1742 ‘⁸
497 1709 609 1793 ponet
622 1703 776 1769 ordinare
789 1707 825 1770 et
839 1703 1019 1792 disponere,
1034 1705 1112 1771 sede
1127 1705 1235 1793 plena
1268 1705 1378 1771 Salvia
1399 1703 1504 1782 nobis,
1524 1715 1531 1724 '

457 1819 475 1846 “
496 1815 532 1875 et
552 1807 739 1874 haeredibus
760 1808 891 1886 nostris,
905 1808 1009 1873 feodis
1029 1809 1176 1874 rnilitum
1198 1831 1274 1896 qum
1290 1813 1450 1875 tenentur
1462 1806 1505 1872 de

457 1919 476 1950 ‘⁴
497 1911 667 1977 Abbatbia
678 1909 846 1998 prodire,
860 1915 896 1976 et
910 1911 1184 1978 advocationibus
1197 1912 1414 1992 ecelesiarum,
1429 1933 1505 1976 eum

456 2025 475 2054 “
497 2015 684 2094 acciderint,
707 2013 909 2101 temporibus
924 2015 1139 2080 vacationum
1160 2015 1403 2101 praedictarum.
1448 2013 1504 2078 Its

457 2129 476 2156 “
492 2123 617 2195 tamen,
640 2115 729 2202 qnod
761 2135 875 2181 omnes
907 2116 1058 2182 redditus
1090 2122 1126 2182 et
1155 2117 1293 2184 servitia
1318 2139 1439 2194 annua,
1462 2115 1504 2180 de

345 2239 352 2258 ·
458 2229 476 2259 “
498 2221 603 2288 feodis
632 2218 801 2306 predictis
836 2219 874 2284 in
905 2220 1136 2286 variationibus
1164 2220 1232 2286 illis
1268 2219 1503 2308 provenientis,

457 2325 691 2390 “remaneant
721 2319 830 2386 Priori
866 2325 901 2385 et
934 2321 1125 2387 conventui
1160 2321 1337 2410 praedictis
1394 2321 1505 2387 Salvis

456 2435 475 2464 “
496 2425 597 2493 etiam
618 2423 715 2489 nobis
736 2427 772 2488 et
793 2421 982 2489 haeredibus
1003 2423 1127 2489 nostris
1148 2425 1284 2492 escaetis
1309 2445 1393 2510 quas
1421 2423 1504 2488 acei-

458 2533 476 2567 “
499 2529 576 2595 dere
605 2525 783 2612 contigerit
812 2525 1016 2612 temporibus
1046 2526 1234 2613 praedictis3
1267 2549 1343 2614 quse
1371 2526 1504 2613 quidem

456 2641 479 2671 “
499 2635 644 2710 eacaetae,
667 2626 807 2714 singulis
828 2627 1018 2714 hujusmodi
1038 2629 1268 2696 vacationibus
1282 2629 1397 2708 finitis,
1411 2627 1505 2694 vide-

457 2742 476 2772 “
497 2735 584 2815 lieet,
606 2735 683 2821 post
703 2729 901 2796 fidelitatem
922 2730 1026 2816 ipsius
1048 2752 1147 2816 quem
1169 2731 1293 2797 ibidem
1315 2730 1401 2818 eligi,
1426 2751 1503 2797 cou-

457 2847 475 2877 “
496 2837 631 2915 firmari,
653 2853 711 2901 seu
733 2831 866 2922 praefici,
889 2832 1064 2920 contigerit
1078 2833 1113 2898 in
1129 2833 1305 2914 Abbatem‚
1328 2833 1433 2912 nobis,
1448 2833 1504 2899 vel

457 2939 684 3008 “haeredibus
720 2935 850 3014 nostris,
879 2935 1011 3014 hetam,
1032 2935 1215 3002 hberentur
1247 2941 1283 3004 et
1312 2941 1504 3003 remaneant

353 3110 359 3120 ,
455 3051 475 3084 “
496 3042 632 3123 Abbati,
665 3039 782 3118 Priori,
804 3044 839 3104 et
873 3036 1071 3117 conventui,
1104 3043 1139 3104 et
1170 3038 1406 3106 succeoeoribus
1435 3039 1503 3104 suis

454 3157 476 3186 ⁴‘
497 3147 580 3213 dieti
600 3143 673 3220 loci,
695 3143 766 3208 sine
787 3140 954 3207 occasione
975 3140 1030 3206 vel
1051 3141 1289 3229 impedimento
1311 3141 1425 3221 nostri,
1448 3141 1503 3208 vel

455 3259 475 3288 “
496 3247 666 3316 haeredum
687 3247 876 3311 nostrorum
897 3263 1191 3331 quorummmque:
1214 3245 1384 3312 reddendo
1405 3245 1501 3311 nobis

454 3361 475 3392 “
497 3357 531 3419 et
553 3348 737 3416 haeredibus
750 3345 881 3424 nostris,
896 3368 956 3432 pro
971 3348 1121 3413 mnwdm
1133 3347 1312 3415 Abbatbiae
1327 3349 1503 3437 praedictae,

455 3465 474 3495 “
495 3475 624 3521 necnon
655 3449 803 3516 omnium
832 3447 1063 3534 temporalium
1093 3451 1336 3537 praedictorum,
1358 3457 1430 3519 tam
1461 3450 1503 3518 de

455 3565 475 3597 “
497 3556 667 3624 dotatione
689 3555 725 3618 et
745 3550 939 3616 firndatione
961 3550 1060 3618 diotae
1074 3552 1253 3621 Abbethiae
1276 3555 1502 3636 existentium,

454 3669 475 3700 “
497 3680 596 3748 quem
618 3653 858 3742 adquisitorum
880 3657 915 3719 et
937 3652 1223 3740 adquirendorum,
1240 3656 1277 3722 in
1299 3655 1405 3722 forma
1418 3677 1503 3744 prae-

454 3771 473 3802 “
494 3767 620 3842 notata,
642 3779 711 3824 una
732 3778 807 3823 oum
829 3755 925 3822 bouis
955 3758 990 3822 et
1018 3756 1116 3822 rebus
1138 3756 1305 3846 predictis
1333 3780 1393 3847 per
1414 3759 1503 3847 ipsos

454 3875 474 3906 “
496 3863 643 3932 Priorem
665 3866 701 3929 et
723 3860 943 3940 Oonventum,
962 3863 998 3924 et
1019 3879 1133 3926 eorum
1155 3883 1359 3942 successores,
1375 3863 1412 3928 in
1435 3864 1502 3928 sin-

455 3979 473 4010 “
494 3969 581 4060 gulis
594 3963 825 4033 vacationibus
839 3962 1016 4049 praedictis,
1025 3967 1066 4029 ut
1076 3965 1301 4050 praemittitur,
1311 3964 1502 4049 ¹habendis,

454 4080 474 4111 “
495 4093 622 4140 necnon
632 4070 670 4135 in
683 4065 1016 4154 recompensationem
1028 4063 1191 4133 dictarum
1206 4068 1296 4135 mille
1310 4089 1502 4152 marcarum,

454 4187 471 4214 “
494 4183 529 4244 et
550 4181 633 4241 retae
648 4169 834 4247 earundem,
850 4168 1094 4255 quinquaginta
1115 4191 1242 4236 mareas
1264 4171 1499 4261 sterlingorum

454 4286 472 4316 “
494 4277 631 4366 singulis
662 4272 759 4339 annis
792 4270 836 4337 ad
866 4269 1073 4337 Scoocarium
1094 4279 1254 4353 nostrum,
1277 4273 1503 4342 etheredum

453 4387 472 4419 “
494 4386 691 4456 nostrorum,
715 4376 758 4441 ad
789 4373 949 4439 terminos
971 4373 1106 4441 Pascha
1128 4380 1163 4441 et
1186 4375 1300 4442 Sancti
1324 4377 1503 4457 Michaelis,

453 4489 473 4521 “
495 4505 554 4572 per
575 4479 717 4570 aquales
739 4476 917 4566 portiones,
939 4475 1047 4564 primo
1077 4479 1221 4544 termino
1246 4478 1427 4567 incipiente
1458 4480 1502 4546 ad

453 4592 472 4623 “
495 4585 631 4652 Festum
654 4580 788 4649 Paschae
810 4579 961 4668 proximo
983 4576 1165 4664 'futurum
1188 4603 1247 4668 per
1268 4602 1395 4663 manus,
1409 4582 1502 4651 vide-
1592 4637 1594 4642 .

453 4695 471 4726 ‘³
493 4687 579 4768 licet,
589 4684 732 4753 Abbatis
746 4705 807 4772 pro
821 4688 969 4771 tempore
983 4683 1159 4750 existentis
1173 4683 1237 4750 loci
1251 4686 1412 4772 praedicti,
1427 4689 1503 4757 sede

450 4811 772 4824 ...n----.—.-..—-u

486 4861 537 4912 1Ιιι
539 4860 582 4911 be
583 4860 636 4910 d
637 4859 724 4910 n.Ms
986 4855 1219 4924 l’sularoinblS.
