3560 5838
664 885 842 940 mamam
867 870 925 958 (a).
1250 871 1316 936 443

307 1029 389 1148 Pago
408 1075 471 1143 170,
492 1076 552 1132 line
570 1075 614 1142 25,
636 1075 725 1148 aaa]
763 1077 782 1104 ‘⁶
800 1075 880 1148 Ligii
905 1073 1038 1132 homines
1048 1075 1067 1102 ”
1091 1073 1137 1130 illi
1163 1077 1242 1139 sunt,
1268 1076 1319 1144 qui

272 1164 341 1215 sunt
357 1160 487 1225 vassalli,
507 1160 731 1232 ligeitatemqne
754 1159 880 1226 debent;
901 1158 1000 1230 “ligii
1021 1156 1161 1213 domini”
1179 1156 1235 1223 illi,
1255 1156 1319 1228 qui·

271 1243 326 1300 bus
343 1244 463 1316 ligsitas
482 1262 500 1300 a
517 1245 653 1302 vassallis
672 1243 804 1300 debetur.

307 1327 388 1400 Pege
407 1328 469 1394 171,
491 1329 550 1383 line
568 1328 595 1394 2,
611 1325 773 1399 feretrana}
811 1325 888 1396 Quid
905 1327 962 1382 sibi
979 1326 1054 1382 velit
1070 1327 1119 1381 hio
1136 1325 1195 1381 looi
1215 1328 1234 1354 “
1244 1325 1319 1381 iere·

273 1413 292 1440 “
312 1417 392 1468 trum
405 1411 423 1436 ''
449 1412 625 1468 dubitabunt
653 1411 797 1476 nonnulli,
826 1411 912 1467 siouti
945 1416 977 1467 et
1000 1411 1063 1482 ipse
1090 1411 1180 1466 etiam
1210 1409 1319 1464 dubito.

272 1495 360 1552 Oarts
385 1495 478 1567 vulgo
506 1495 664 1552 “loculum
674 1495 693 1522 ’'
720 1496 784 1552 sive
809 1494 984 1566 “oapsam''
1010 1494 1165 1566 significat,
1191 1493 1320 1548 “Sancti

273 1581 292 1607 ‘¹
312 1596 418 1651 eorpus
436 1579 486 1636 vel
497 1579 638 1651 reliquias
657 1579 884 1636 continentem.''
915 1578 979 1648 Quo
997 1596 1086 1636 sensu
1104 1579 1130 1634 si
1147 1579 1318 1651 aoaipiatur,

270 1667 412 1724 indioabit
430 1667 544 1724 Duoem
561 1667 776 1724 Eboraoensem
796 1684 864 1723 mox
880 1671 948 1739 post
965 1667 1103 1739 proelium
1125 1665 1162 1722 ad
1180 1667 1320 1722 feretrum

273 1749 303 1805 S.
326 1750 435 1807 Albani
465 1751 629 1823 proiectum
661 1751 762 1816 fuisse,
792 1767 952 1824 secumque
979 1749 1051 1806 illuo
1083 1750 1172 1806 etiam
1203 1750 1320 1822 duxisse

272 1833 437 1890 Henrioum
460 1835 584 1907 Regem.
620 1832 662 1890 At
683 1852 754 1890 vero
779 1835 948 1890 existimant
972 1835 1032 1900 alii,
1057 1835 1156 1907 potius
1181 1834 1320 1890 denotare

272 1917 416 1984 leotioam,
436 1936 493 1990 quo
512 1937 600 1975 sensu
619 1925 649 1974 et
666 1918 739 1974 alibi
752 1919 828 1974 item
847 1918 942 1990 aooipi
959 1919 1034 1990 ipsis
1058 1917 1186 1975 videtur.
1215 1919 1320 1974 'Priori

274 2002 487 2074 significatione
514 2004 540 2059 si
564 2003 758 2075 intelligatur,
779 2005 848 2074 (quo
873 2020 942 2058 sane
967 2003 1030 2074 ipse
1054 2002 1228 2075 propendeo,
1252 2021 1321 2058 nam

273 2089 305 2141 et
321 2086 424 2142 eodem
437 2103 525 2142 sensu
542 2087 629 2152 infra,
650 2086 717 2143 ι101.
736 2085 789 2142 165
802 2087 831 2154 a)
850 2085 920 2142 satis
940 2085 1096 2158 quadrabit
1112 2103 1180 2142 cnm
1198 2086 1321 2142 Henriei

248 2170 253 2180 '
273 2169 414 2235 moribus,
434 2171 575 2242 principis
593 2169 787 2241 proculdubio
803 2169 1031 2242 religiosissimi,
1051 2170 1110 2226 etsi
1125 2170 1159 2226 de
1178 2170 1246 2242 jare
1263 2187 1321 2226 non

274 2258 351 2310 esset
368 2271 401 2309 re
418 2271 491 2311 vera
507 2253 572 2308 Rex
588 2253 716 2324 Angliae.
753 2250 798 2309 Ao
815 2271 870 2326 par
892 2253 969 2309 ratio
987 2253 1092 2325 stipsi
1114 2253 1221 2310 itidem
1245 2254 1322 2310 Duoi

273 2337 452 2394 Eboraoensi
484 2338 629 2394 feretrum
660 2337 691 2394 S.
725 2336 833 2392 Albani
864 2337 1013 2404 visitandi,
1045 2339 1174 2410 principi
1206 2355 1322 2410 qnoque

274 2421 393 2492 optimo,
423 2427 454 2477 et
479 2423 531 2495 qui
557 2421 713 2478 victoriam
740 2420 777 2477 de
801 2421 932 2477 inimicis
955 2421 1019 2493 jam
1045 2422 1194 2494 insignem
1223 2439 1323 2494 repor-

273 2509 396 2562 taverat.
424 2505 531 2578 Neque
549 2509 596 2562 est
613 2524 667 2562 our
684 2505 813 2570 miraris,
833 2505 976 2561 sorinium
995 2505 1025 2561 S.
1043 2504 1150 2562 Albani
1167 2507 1223 2563 hao
1241 2524 1323 2563 oooa-

274 2589 355 2644 sione
372 2589 481 2645 adiisse
496 2588 619 2654 Dueem,
638 2589 782 2660 quiesset
797 2586 991 2654 Christianus,
1006 2606 1100 2660 quum
1113 2591 1223 2646 ethnici
1234 2591 1323 2646 etiam

274 2689 392 2728 caussas
410 2673 448 2728 ob
468 2672 595 2730 leviores
612 2671 723 2743 gratias
736 2671 852 2741 egerint
870 2672 940 2752 Diis,
953 2672 1024 2738 suis,
1047 2673 1117 2729 Jovi
1128 2675 1272 2740 maxime;
1291 2673 1323 2728 id

275 2756 353 2826 quod
370 2760 485 2813 oonstet
501 2774 518 2812 e
536 2755 732 2811 monumentis
749 2755 910 2821 veteribus,
923 2755 1074 2826 inquibus
1092 2756 1230 2828 legimus,
1244 2757 1339 2827 quod.

274 2840 327 2912 qui
344 2839 472 2902 πεντάθλῳ
488 2839 614 2896 v‘ioerint
632 2840 652 2894 J
654 2841 702 2896 ovi
720 2838 824 2895 landes
841 2838 965 2894 reddere
984 2839 1064 2896 soliti
1081 2839 1148 2896 sint.
1183 2840 1220 2895 Id
1244 2841 1323 2912 quod

275 2929 305 2979 et
322 2923 468 2980 viatorum
487 2923 626 2979 similiter
645 2923 748 2979 eodem
764 2929 898 2995 tempore
916 2924 1050 2979 fecerunt
1066 2923 1124 2995 ipsi
1141 2929 1250 2998 patres.

310 3007 391 3078 Paga
409 3005 472 3073 1⁷2,
491 3008 551 3062 line
569 3007 597 3073 8,
615 3005 797 3079 Araneolae}
833 3007 951 3063 Nomen
974 3007 1120 3074 fictitium,
1140 3027 1175 3064 ao
1192 3010 1218 3064 si
1241 3009 1322 3066 dieas

276 3090 482 3157 “Anaooole,”
502 3091 748 3163 quemadmodum
771 3108 835 3148 oevo
862 3091 924 3156 illo,
948 3096 984 3147 at
1007 3091 1134 3157 videtur,
1154 3093 1321 3149 efferebant.

275 3174 460 3240 Formabant,
484 3175 607 3241 soilioet,
627 3193 646 3230 a
664 3175 843 3240 “ooohlea,’'
863 3175 925 3231 sive
945 3175 1109 3241 “limane’'
1126 3177 1228 3248 reptili
1252 3179 1323 3235 satis

276 3262 354 3314 noto.
399 3256 531 3330 [Hearne
564 3275 716 3330 expresses
749 3257 873 3322 himself
902 3259 974 3314 here
1005 3257 1038 3314 in
1068 3259 1170 3316 rather
1201 3261 1324 3317 obscure

204 3345 208 3354 ’
275 3347 387 3408 terms3
413 3342 467 3398 bnt
488 3343 527 3398 he
557 3343 611 3398 has
643 3341 792 3413 evidently
816 3341 927 3398 missed
958 3343 1009 3398 the
1040 3343 1125 3416 point
1148 3345 1212 3400 that
1241 3345 1324 3418 King

276 3423 455 3497 Agathocles
473 3426 499 3482 is
518 3429 617 3481 meant
632 3425 727 3481 under
744 3425 805 3482 this
822 3443 926 3493 neme;
946 3425 1044 3499 owing
1061 3428 1188 3500 perhaps
1206 3433 1237 3485 to
1255 3431 1325 3509 mis·

276 3511 344 3567 take
370 3527 408 3566 on
434 3510 485 3565 the
509 3515 577 3582 part
594 3510 627 3565 of
647 3508 698 3565 the
716 3509 843 3582 original
869 3510 974 3576 scribe,
994 3511 1060 3567 who
1082 3513 1135 3568 hss
1160 3512 1324 3587 absolutely

277 3595 435 3650 elsewhere
452 3595 571 3652 written
589 3591 729 3648 “Anna’'
748 3594 793 3649 lor
812 3593 995 3666 “Cinna’'l]

312 3678 394 3750 Paga
412 3678 474 3745 176,
493 3677 555 3734 line
573 3677 618 3743 14,
636 3675 764 3734 notatae
784 3676 918 3751 eranq.
957 3678 1121 3738 “Achilles
1139 3683 1274 3753 gravis,”
1292 3701 1324 3740 as

277 3761 350 3818 read
366 3762 406 3833 by
424 3763 553 3818 Hearne.
994 3828 997 3836 Ι

313 3846 394 3917 Paga
412 3846 475 3912 177,
495 3845 555 3902 line
572 3845 600 3911 3,
615 3843 771 3916 peremtis}
783 3847 978 3918 “personas”
996 3847 1030 3902 in
1047 3847 1176 3904 Hoerne.

313 3929 394 4000 Pege
407 3929 468 3996 184,
481 3927 541 3984 line
553 3928 582 3993 8,
595 3927 776 4000 collatarum.
808 3928 866 3999 Qui
884 3929 998 3986 scilieet
1009 3930 1101 4002 Regis
1119 3931 1197 3989 latus
1211 3932 1324 3989 olaudo·

278 4013 345 4078 bat;
365 4013 554 4085 quamobrem
572 4013 684 4068 sooium
702 4013 840 4066 intimum
858 4013 998 4085 appelles.

313 4097 394 4169 Pago
413 4096 475 4162 185,
493 4096 555 4152 line
573 4094 617 4160 17,
636 4093 797 4166 muter]
820 4098 839 4124 ‘¹
849 4097 1016 4153 humaniter
1023 4097 1043 4124 '³
1060 4097 1093 4155 in
1109 4097 1236 4155 Heni-ne.

314 4179 394 4253 Pege
419 4180 482 4245 198,
506 4179 566 4234 line
592 4179 637 4245 36,
663 4176 882 4250 noluemus}
923 4180 942 4208 ‘⁶
952 4179 1196 4238 Estallamentnm
1205 4185 1223 4210 ’'
1247 4183 1326 4240 idem

278 4265 420 4336 estquod
438 4263 717 4330 “stallamentum,’'
735 4261 782 4319 ia.
800 4260 927 4334 Anglioe
946 4265 966 4291 ‘⁴
976 4263 1127 4322 stallment
1136 4266 1154 4294 ''
1174 4267 1236 4323 sive
1255 4269 1326 4323 “in-

280 4350 299 4376 “
318 4348 499 4414 stallment,”
515 4348 567 4404 vel
585 4345 628 4418 (ut
645 4347 718 4402 olim
742 4345 913 4416 efferebant)
934 4347 1158 4406 “estallment.”
1193 4351 1230 4406 Id
1248 4353 1326 4424 qnod

279 4432 374 4503 liquet
391 4449 427 4487 ex
444 4432 575 4497 vocibus,
597 4433 617 4459 “
627 4431 689 4487 sive
707 4431 950 4502 assignationes.'’
988 4431 1167 4489 ‘'Stellam'’
1184 4437 1263 4491 enim
1280 4442 1327 4493 est

282 4515 428 4582 “statio’'
448 4521 479 4572 et
498 4518 517 4544 “
528 4513 706 4572 installare’'
722 4515 799 4570 nihil
817 4513 899 4570 aliud
922 4520 1011 4587 atque
1031 4517 1216 4575 “stationem
1233 4521 1327 4594 assig-

285 4602 303 4628 “
322 4599 422 4666 nare,’'
445 4600 494 4656 vel
519 4600 580 4655 “in
610 4598 732 4656 alterius
762 4598 861 4654 looum
891 4599 1100 4670 inaugurare.”
1145 4603 1204 4660 Sed
1228 4611 1327 4662 netum

578 4761 586 4794 ¹
599 4761 648 4814 See
658 4775 723 4826 page
734 4764 784 4812 894
796 4767 862 4823 onte,
873 4759 926 4812 line
937 4766 959 4812 9.
