3588 5838
486 891 660 942 tonsurus
683 890 969 942 numniusranu
991 883 1186 943 suonunn.¹
1302 875 1345 945 77

299 1077 473 1163 partioulis
506 1077 685 1144 taxationis
707 1079 868 1144 bonorum
901 1077 1121 1165 spiritualium
1158 1082 1192 1143 et
1221 1081 1426 1163 tempo-M),
1440 1103 1511 1149 1452

297 1179 421 1245 salium
441 1179 528 1246 Cleri
547 1178 795 1247 Oantuariensis
817 1179 1007 1258 Provinoiae,
1022 1179 1185 1258 videlieet,
1200 1181 1237 1244 in
1246 1179 1347 1266 juris·
1359 1183 1409 1232 Μ
1420 1195 1496 1246 ster·

299 1281 446 1348 dictione
483 1281 596 1348 Sanoti
628 1281 752 1348 Albani
791 1287 954 1371 exempta,
987 1284 1024 1348 in
1061 1282 1211 1350 custodia
1248 1282 1347 1368 hujus
1358 1247 1483 1366 wig

300 1383 578 1450 Rememoretoris
615 1384 845 1463 existentibus,
882 1389 1111 1472 oompertoque
1152 1385 1190 1450 in
1226 1385 1348 1450 eisdem

300 1485 391 1571 quod
412 1487 544 1573 integra
565 1486 692 1555 decima
708 1487 871 1553 bonorum
893 1486 1115 1574 spiritualium
1138 1492 1173 1553 et
1188 1491 1351 1574 tempora-

300 1587 384 1652 lium
413 1587 497 1654 dieti
518 1587 673 1670 Asbora,
705 1589 749 1655 ad
784 1588 967 1676 quamlibet
996 1589 1160 1676 integram
1191 1589 1350 1655 desimam

281 1725 284 1728 ·
302 1690 392 1756 dieto
413 1689 559 1756 Domino
582 1689 665 1777 Regi
680 1711 739 1778 per
756 1689 889 1757 Clerum
904 1689 1152 1758 cantuariensis
1168 1690 1352 1758 Provinoiae

300 1791 469 1878 praedictas
505 1813 697 1870 concessam,
734 1792 777 1857 ad
823 1814 986 1858 summam
1022 1793 1195 1880 sexaginta
1249 1793 1352 1858 trium

301 1893 470 1975 librarum,
485 1893 596 1960 deoem
610 1893 797 1973 solidorum,
814 1899 955 1981 quatuor
970 1894 1187 1975 denariorum,
1197 1900 1233 1961 et
1248 1894 1351 1981 quasl-

301 1997 416 2074 rantis,
445 1997 594 2083 attingit,
617 2001 651 2063 et
680 1997 778 2075 ultra,
800 2002 900 2084 prout
937 1997 1086 2084 superius
1109 1997 1298 2064 continetur
1320 2003 1350 2063 et

302 2099 722 2166 uetera-Consideratum
745 2104 797 2164 est
829 2099 931 2186 igitur
952 2120 1011 2187 per
1044 2099 1174 2184 eosdem
1197 2100 1489 2178 Beroneswffisnr,

302 2201 392 2287 quod
422 2201 600 2289 praediatus
631 2201 743 2267 Abbas
773 2201 814 2267 de
844 2201 954 2268 deoem
976 2207 1011 2268 et
1040 2223 1159 2269 novem
1188 2201 1282 2268 libris
1314 2187 1472 2306 etlfflin

302 2302 472 2369 samem
502 2301 615 2368 mnus
646 2303 820 2389 prauos,
851 2303 999 2392 parma
1030 2305 1154 2392 viginti
1191 2270 1509 2402 luminii*

303 2406 544 2492 predictarum,
566 2427 626 2492 pro
649 2404 740 2472 diota
768 2405 898 2494 integra
928 2405 1055 2473 decima
1087 2406 1176 2473 dioto
1208 2388 1512 2506 D011111102¹0⁵ss²ffi²d

303 2507 388 2595 Regi
424 2509 515 2576 <licto
563 2529 651 2574 anno
690 2508 845 2574 vicesimo
882 2510 1022 2596 septimo
1059 2531 1218 2590 sonneras,
1250 2509 1352 2596 juxte
1364 2521 1510 2572 sanmuro

304 2610 443 2677 formam
474 2615 509 2676 et
540 2609 691 2678 effoetum
719 2610 920 2676 Litterarum
952 2612 1145 2678 Patentium
1178 2617 1214 2678 et
1242 2613 1353 2678 brevis
1363 2590 1443 2638 Μ’·
1541 2633 1544 2639 ’

303 2713 544 2799 praedictarum,
566 2734 645 2801 erga
666 2714 792 2780 dietum
816 2711 996 2780 Dominum
1018 2715 1140 2802 Regem
1157 2719 1354 2782 exoneretur

304 2821 335 2882 et
372 2822 496 2894 eutero,
533 2820 568 2881 et
600 2815 677 2882 inde
714 2817 847 2903 quietus
881 2816 1006 2883 existat
1039 2823 1069 2883 et
1101 2823 1228 2899 eoeoeru,
1262 2817 1356 2883 salva

303 2918 433 2984 actione
455 2917 563 3004 Regis,
585 2918 615 2983 si
636 2917 718 2982 alias
740 2924 770 2985 et
792 2923 916 2984 eoem.

350 3031 469 3118 Sisque
490 3031 632 3110 domum,
654 3031 731 3098 lieet
759 3053 828 3098 non
850 3032 972 3118 absque
994 3030 1162 3098 laboribus
1192 3030 1350 3120 gravibus
1362 3050 1490 3102 aemor-

305 3138 339 3199 et
361 3133 522 3221 expensis,
545 3133 771 3220 supradictum
803 3134 963 3221 placitum
984 3133 1085 3224 finem
1118 3133 1247 3215 habuit,
1269 3117 1392 3235 allo-J,r
1428 3125 1489 3235 em

304 3242 441 3324 nataque
463 3242 535 3302 erat
556 3235 705 3303 ¹Oharta
725 3237 762 3302 in
783 3240 907 3324 puncto
928 3235 1071 3302 ecelesiae
1085 3237 1229 3302 maxime
1244 3233 1526 3332 ”eom-goouumof

304 3339 460 3420 modoso;
481 3339 518 3405 in
532 3343 665 3426 punnto,
678 3337 841 3419 videlieet,
856 3339 922 3417 illo,
937 3339 995 3426 qui
1008 3359 1112 3425 usque
1126 3338 1170 3404 ad
1191 3360 1351 3404 summam
1363 3317 1522 3435 {ffgffiflri

304 3445 533 3508 sexeentanrm
554 3440 713 3506 librarum
736 3461 770 3506 se
793 3441 951 3506 extendit.
997 3440 1130 3507 Gratias
1145 3440 1256 3528 igitur
1273 3442 1353 3520 Deo,
1364 3450 1467 3502 therein

303 3543 440 3630 lausque
462 3540 743 3609 christianissimo
765 3541 919 3631 Principi,
942 3541 1087 3608 Domino
1110 3543 1195 3630 Regi
1210 3542 1353 3610 Haurioo

304 3645 415 3726 Sexto,
452 3643 546 3731 eujus
583 3644 737 3732 gratiosis
773 3643 893 3710 litteris
930 3645 1042 3710 anima
1077 3643 1229 3726 Abbatis,
1268 3645 1353 3712 siout

305 3745 319 3786 ⁸
326 3768 446 3835 passer,
479 3750 595 3835 erepta
624 3751 676 3813 est
713 3746 756 3812 de
791 3745 909 3832 laqueo
940 3744 1112 3812 Beronum
1149 3748 1353 3828 venantium,

306 3849 506 3937 laqueusque
544 3849 715 3927 contritus,
748 3869 787 3914 ao
831 3849 901 3936 ipse
937 3849 1079 3935 gratioso
1114 3847 1275 3916 liberatus
1311 3850 1353 3916 de

305 3950 457 4017 manibus
479 3972 646 4019 eorum.-

395 4065 489 4133 Inter
511 4069 630 4133 cuneta
650 4065 722 4131 loea
743 4087 817 4152 quse
838 4064 909 4131 litis
930 4069 1010 4131 sunt
1031 4065 1185 4144 vocitata,
1364 4079 1499 4132 eumer

394 4169 456 4236 Est
478 4167 588 4236 Soanoi
610 4167 747 4235 Oamera
768 4168 837 4234 sine
859 4188 916 4255 sps
937 4167 1044 4234 veniae
1065 4171 1227 4254 reputata.
1362 4147 1444 4264 {soff
1453 4211 1482 4263 of

350 4280 487 4348 4Finito
508 4281 631 4370 placito
653 4281 752 4347 modo
774 4280 873 4361 dieto,
896 4284 1138 4366 exoneratoque
1159 4277 1290 4345 Abbate
1312 4276 1521 4345 deuxehequer.

305 4384 451 4472 pecuniis
482 4383 548 4450 illis
579 4383 622 4450 de
652 4382 772 4470 quibus
802 4383 843 4447 fit
879 4383 1014 4463 mentio,
1045 4381 1082 4447 in
1112 4379 1252 4467 strepitu
1284 4379 1355 4446 litis

339 4645 550 4700 'Garmlnblb
889 4640 1357 4701 ⁴'1'hefirstletteromittetatobe

339 4725 586 4780 ’manemus
857 4719 1191 4788 suppliedinillumination.

339 4805 392 4858 'In
403 4806 508 4859 allusion
519 4813 546 4858 to
558 4803 644 4858 Prota
655 4804 742 4857 cxxiv.
755 4809 778 4856 7.
