3668 5842
472 873 537 937 256
806 887 1004 940 aramenus
1026 890 1183 942 samma

302 1079 488 1133 A.u.1sss.“
511 1071 655 1150 alterius,
689 1095 710 1136 a
742 1073 840 1140 Festo
870 1074 1131 1162 praedictatam
1170 1075 1323 1143 omnibus
1352 1077 1518 1164 praedictis

469 1178 487 1208 “
510 1174 673 1248 maneriis,
701 1175 807 1254 terris,
833 1177 1039 1256 tenementis,
1070 1178 1264 1258 redditibus,
1294 1179 1518 1246 advocationi·

469 1282 488 1312 “
509 1276 579 1354 bus,
602 1278 867 1364 possessionibus,
890 1285 925 1344 et
945 1278 1234 1360 haereditamentis,
1258 1303 1332 1348 cum
1356 1281 1424 1348 suis
1446 1303 1518 1369 per·

401 1466 406 1478 .
470 1383 488 1412 “
510 1377 668 1456 tinentiis,
699 1379 888 1466 aliqualiter
909 1382 955 1447 sic
985 1381 1073 1447 datis
1100 1382 1203 1462 vobis,
1230 1387 1290 1448 aut
1319 1383 1419 1449 alicui
1446 1405 1518 1470 per-

468 1488 485 1515 “
507 1501 605 1562 sonte,
632 1482 683 1548 vel
713 1482 839 1570 corpori
869 1488 1047 1570 corporato,
1072 1485 1116 1550 ad
1143 1489 1289 1551 vestrum
1318 1485 1516 1552 desiderium

468 1591 486 1618 “
507 1585 577 1649 sive
592 1584 910 1671 contemplationem,
926 1606 985 1673 per
1001 1586 1119 1672 ipsum,
1134 1586 1188 1652 vel
1203 1591 1422 1654 antecessores
1433 1609 1517 1668 suos,

469 1694 486 1720 ‘⁸
507 1686 562 1752 vel
598 1709 656 1774 per
690 1687 806 1774 ipsum,
844 1708 901 1753 seu
932 1688 1029 1774 ipsos,
1066 1688 1121 1754 vel
1152 1688 1401 1775 praedecessores
1432 1711 1514 1769 suos,

468 1796 486 1824 “
507 1793 568 1854 aut
597 1810 657 1875 per
686 1788 759 1854 illos
796 1810 936 1875 quorum
974 1794 1101 1855 statum
1139 1790 1260 1878 aliquis
1296 1791 1374 1858 talis
1411 1791 1515 1877 ligeus

466 1899 483 1926 “
506 1897 615 1958 vester
637 1891 737 1957 habet
758 1891 813 1957 vel
834 1891 953 1957 habuit
978 1881 1150 1973 interris,
1173 1895 1381 1973 tenementis,
1405 1893 1514 1959 reddi·

467 1999 485 2028 “
507 1994 605 2072 tibus,
620 1995 884 2082 possessionibus,
908 1993 1278 2074 autwhsereditsmentis,
1299 1995 1405 2082 captis
1418 1995 1514 2061 vobis

464 2103 483 2131 “
504 2096 541 2160 in
570 2097 747 2176 excambio,
778 2118 878 2184 quam
906 2095 1075 2184 praedictis
1104 2097 1299 2179 redditibus
1330 2097 1515 2163 annuitati-

465 2205 482 2232 “
505 2198 575 2276 bus,
598 2205 633 2264 et
655 2199 867 2287 pecuniarum
889 2199 1033 2276 summis,
1056 2221 1138 2286 quos
1159 2199 1230 2287 ipse
1259 2199 1437 2278 habuisset,
1459 2199 1514 2265 vel

465 2306 484 2333 “
506 2299 624 2366 habere
651 2301 819 2389 potuisset,
835 2302 876 2367 de
900 2300 1065 2387 aliquibus
1089 2303 1249 2368 custumis
1273 2300 1327 2368 vel
1348 2301 1514 2381 subsidiis,

465 2408 482 2434 “
504 2402 574 2467 sive
603 2402 646 2467 ad
676 2405 849 2490 Receptam
874 2403 1073 2490 praedictam,
1104 2403 1134 2468 si
1155 2403 1283 2469 nullum
1306 2402 1512 2469 excambium

463 2511 482 2538 “
503 2527 563 2570 nec
587 2506 843 2592 recompensatio
866 2505 968 2570 fuerit
986 2511 1083 2592 capta
1103 2505 1144 2570 do
1159 2505 1254 2571 vobis
1275 2527 1334 2592 pro
1356 2505 1432 2585 illis,
1455 2528 1512 2592 per

464 2613 481 2644 “
503 2607 620 2694 ipsum,
644 2630 704 2675 nec
728 2629 785 2694 per
814 2607 923 2673 nullos
951 2613 1169 2673 antecessores
1193 2629 1277 2686 suos,
1303 2608 1359 2674 vel
1387 2609 1512 2695 praede-

464 2717 482 2744 “
505 2731 653 2788 cessores,
668 2711 704 2775 in
720 2709 880 2776 consimili
899 2708 1005 2788 modo,
1022 2716 1057 2774 et
1076 2709 1190 2788 forma,
1205 2714 1240 2776 et
1255 2714 1356 2786 statu,
1371 2711 1401 2775 si
1423 2710 1513 2774 nulla

463 2817 482 2846 “
504 2813 582 2878 tulis
612 2813 773 2879 concessio
795 2813 865 2877 sive
894 2817 1002 2876 status
1033 2810 1074 2876 de
1104 2811 1273 2877 excambio
1301 2811 1357 2876 vel
1390 2833 1512 2877 recom-

463 2919 481 2948 “
505 2915 695 3001 pensatione
717 2914 834 2980 fuisset
856 2913 969 2979 factus
1016 2912 1071 2977 Ita
1094 2935 1229 3000 semper,
1245 2913 1333 3000 quod
1357 2915 1510 2994 maneria,

463 3023 481 3050 “
502 3021 608 3099 terrae,
631 3022 829 3096 tenementa,
857 3016 1015 3092 redditus,
1045 3017 1244 3092 annuitates,
1268 3015 1511 3095 advocationes,

461 3126 479 3153 “
501 3120 714 3206 pecuniarum
730 3139 875 3195 summae,
891 3124 926 3183 et
949 3116 1231 3198 baereditsmenta,
1259 3117 1410 3203 superius
1430 3118 1511 3183 reci·

463 3228 481 3255 “
502 3226 584 3301 tata,
607 3221 686 3287 data
707 3220 813 3299 vobis,
837 3221 907 3286 sive
931 3219 1031 3284 alicui
1057 3218 1154 3285 elteri
1180 3219 1412 3306 personaret
1442 3242 1510 3286 cor-

462 3325 574 3409 “pori
611 3328 791 3411 corporato,
821 3343 880 3388 seu
909 3321 1055 3399 dimissa,
1087 3343 1156 3387 esse
1182 3329 1280 3408 capta
1310 3343 1369 3409 pro
1399 3321 1511 3408 aliquo

461 3433 479 3460 “
501 3426 663 3491 dictorum
679 3425 929 3502 excambiorum,
945 3423 1000 3488 vel
1014 3423 1331 3509 recompensationis,
1349 3445 1417 3489 non
1439 3423 1510 3490 iiie-

461 3534 480 3563 “
502 3532 583 3593 runt
597 3533 717 3607 vestra,
731 3548 791 3594 nec
805 3526 945 3612 alicujus
959 3525 1096 3591 alt-erius
1118 3545 1274 3613 personae,
1289 3527 1344 3592 vel
1358 3546 1510 3612 persona-

462 3635 479 3664 “
501 3651 585 3710 rum,
609 3630 652 3695 ad
675 3651 771 3696 usum
793 3633 942 3695 vestrum
970 3627 1078 3715 primo
1101 3627 1156 3693 die
1184 3628 1277 3716 regni
1307 3629 1418 3706 vestri,
1448 3650 1509 3695 nec

461 3737 479 3767 “
501 3736 583 3820 post,
610 3731 666 3798 sed
687 3737 821 3798 tantum
844 3732 973 3797 ratione
993 3729 1132 3816 alicujus
1157 3729 1237 3796 doni
1262 3729 1316 3796 vel
1338 3729 1507 3810 donomm,

461 3834 714 3901 “concessionis
742 3833 797 3899 vel
826 3833 1078 3913 concessionum,
1100 3833 1154 3899 vel
1179 3832 1364 3919 aliquarum
1395 3855 1508 3898 musae

459 3945 477 3972 “
499 3959 573 4003 rum
595 3937 833 4024 predictarum.
880 3933 1036 4022 Exceptis
1058 3939 1154 4000 extra
1176 3933 1301 4001 dictum
1324 3940 1436 4000 actum
1455 3957 1507 4000 re-

458 4039 695 4127 “sumptionis
732 4038 884 4104 omnibus
920 4037 1044 4115 castris,
1081 4037 1245 4115 maneriis,
1276 4037 1382 4116 terris
1416 4043 1507 4102 tene-

459 4147 478 4177 “
500 4142 629 4223 mentis,
660 4141 813 4218 servitiis,
841 4137 1109 4227 possessionibus,
1147 4144 1181 4204 et
1214 4138 1505 4218 baereditamentis,

457 4249 476 4279 “
499 4266 574 4311 cum
599 4243 666 4309 suis
694 4241 913 4330 pertiuentiis,
939 4241 979 4306 de
1005 4240 1124 4327 quibus
1147 4241 1258 4327 aliqua
1282 4261 1430 4328 persona,
1455 4242 1507 4307 vel

459 4351 477 4382 “
499 4367 653 4433 personas,
669 4344 797 4423 habuit,
812 4343 867 4411 vel
882 4343 1079 4420 habueruut,
1093 4341 1338 4408 restitutionem
1360 4364 1419 4430 per
1432 4363 1507 4408 auc-

458 4453 477 4484 “
500 4448 671 4514 toritatem
705 4446 928 4526 Parliamenti,
958 4445 1029 4510 sive
1059 4466 1117 4532 per
1146 4465 1277 4510 cursum
1308 4444 1391 4531 legis
1420 4465 1506 4511 com·

459 4557 476 4588 “
498 4551 616 4616 munis.
662 4548 819 4635 Exceptis
841 4548 942 4614 etiam
966 4547 1112 4634 qualibet
1142 4548 1348 4614 concessione
1372 4553 1409 4613 et
1430 4569 1505 4614 con·

458 4661 476 4690 “
498 4652 706 4730 cessionibus,
722 4650 869 4737 qualibet
890 4649 1126 4737 perdonatione
1148 4657 1183 4715 et
1205 4649 1505 4737 perdonationibus,

456 4763 476 4792 “
497 4753 707 4831 relaxatione,
737 4753 791 4819 vel
821 4751 1153 4840 quieta-clamatione,
1180 4752 1221 4818 de
1250 4751 1361 4832 feodis,
1391 4751 1505 4835 firmis,
1571 4799 1581 4826 .

456 4865 476 4895 “
495 4855 657 4946 proficuis,
694 4853 952 4934 reventionibus,
991 4853 1146 4920 subsidiis
1189 4855 1347 4934 lanarum,
1384 4853 1507 4934 officiis,
