3588 5838
471 903 644 956 renerum
666 905 949 956 wnmmusrnnu
971 907 1146 958 sncurnu.
1269 896 1333 960 105

283 1097 411 1160 statum
434 1093 563 1171 exilem,
584 1092 654 1159 aive
676 1092 946 1180 depauperatum,
969 1093 1176 1180 relinqueret,
1198 1093 1235 1158 in
1258 1104 1414 1159 cusuan.
1431 1110 1502 1157 rrea

283 1195 372 1282 qnod
396 1195 602 1283 contingeret
624 1217 701 1261 eum
723 1195 764 1260 de
787 1194 894 1261 medio
910 1195 983 1260 cito
1005 1195 1161 1276 recedere,
1178 1216 1239 1261 nec
1262 1218 1335 1284 spa·

283 1297 370 1363 tium
402 1296 524 1364 habere
557 1317 623 1382 quo
656 1297 764 1384 ipsum
798 1296 971 1363 emendare
995 1302 1118 1386 'posset
1164 1298 1277 1363 Abbas
1299 1297 1334 1364 id
1347 1305 1466 1386 Προσφ-

284 1399 458 1465 consilium
481 1403 744 1487 requaestumque
765 1398 911 1480 audiena,
934 1404 969 1465 et
990 1399 1063 1487 ipsa
1083 1422 1163 1466 sana
1184 1422 1254 1467 esse
1283 1400 1334 1464 in·
1346 1373 1502 1506 {hffiffgh

284 1502 445 1591 belligeris,
468 1501 609 1568 divertit
631 1523 666 1567 se
694 1502 738 1567 ed
767 1523 863 1567 suum
884 1501 1039 1582 studium,
1064 1523 1270 1590 pannumque
1299 1507 1333 1568 et

284 1605 448 1670 scedulam
464 1604 502 1668 in
516 1625 619 1670 manu
641 1625 781 1683 sumens,
804 1602 1006 1671 inscribebat
1021 1627 1079 1692 per
1094 1605 1190 1685 hunc,
1207 1606 1265 1690 qui
1280 1605 1334 1670 hio

284 1705 506 1793 subsequitur,
530 1705 720 1777 modum.-

284 2026 537 2094 Dcrnoaetratio
559 2027 603 2094 iu
626 2025 779 2094 breuibrce
803 2034 913 2094 status
931 2027 1106 2114 portionis
1130 2027 1334 2107 Abbcttola‘s,

367 2130 465 2216 facto
496 2135 526 2196 ct
557 2135 706 2195 rotrude
736 2151 775 2195 cre
808 2128 933 2196 rotulis
955 2137 985 2196 ct
1007 2129 1169 2217 compotis
1198 2129 1336 2197 Fratrue

381 2227 541 2299 willelmo
561 2231 799 2318 Walinpsorolc,
813 2229 980 2318 Officiomii
991 2231 1173 2312 Generalis,
1186 2233 1230 2299 iu
1241 2233 1335 2300 Festo

375 2331 562 2411 Michaelis,
586 2332 630 2399 da
663 2355 760 2400 anuo
793 2333 938 2400 eeucado
967 2341 1045 2421 poet
1073 2334 1242 2401 decessum
1264 2335 1334 2401 Do-

375 2433 471 2502 ma‘ua'
492 2434 669 2502 Jotuaaa‘s
690 2433 793 2512 State,
810 2434 963 2518 Abbatia,
978 2436 1022 2503 isa
1044 2457 1149 2516 meuc,
1173 2435 1335 2518 rridclicet',

376 2536 479 2623 chis
499 2535 648 2602 Hcamca'
670 2535 764 2604 Secti
784 2536 904 2604 maid.

332 2695 491 2783 “¹Loqui
519 2695 689 2775 nollemus,
721 2699 828 2782 tacere
860 2699 973 2762 tamen
1003 2717 1072 2762 non
1103 2699 1462 2784 porsenna-ame

286 2805 305 2836 “
328 2798 408 2864 Ideo
438 2799 530 2884 loqui
563 2797 733 2878 nollemus,
761 2798 839 2885 quia
871 2819 932 2874 nec
954 2797 1056 2876 decet,
1078 2820 1138 2864 nec
1169 2801 1335 2879 convenit,
1348 2781 1503 2832 ¹¹¹⁰¹¹¹⁰fth⁰

286 2907 303 2936 “
326 2901 500 2967 successori
522 2900 635 2986 aliqua
657 2899 764 2966 dicere
786 2899 992 2965 illaudabilis
1015 2899 1055 2966 de
1078 2921 1156 2967 cura
1178 2923 1235 2966 eeu
1250 2903 1333 2990 regi·
1346 2847 1496 2990 wlpra

284 3010 304 3039 “
326 3003 414 3067 mine
447 3001 720 3088 praedecessoris;
757 3006 865 3067 tacere
897 3006 1010 3068 tamen
1044 3023 1112 3068 non
1145 3003 1335 3090 poterimus,
1346 2994 1459 3096 {m}

286 3113 303 3140 “
326 3105 405 3190 quia
435 3102 527 3190 loqui
556 3103 655 3190 jubet
692 3103 832 3168 fratrum
866 3104 1048 3184 maturitae,
1082 3103 1259 3192 instatque,
1298 3113 1483 3180 &preceding

287 3211 305 3241 ‘⁸
328 3207 429 3272 etiam
444 3205 579 3286 excitat,
595 3211 634 3271 ut
656 3209 781 3271 statum
797 3204 978 3272 atmodum
1003 3205 1039 3270 in
1062 3206 1189 3292 quibus,
1205 3208 1241 3273 in
1258 3207 1337 3274 hora
1347 3178 1495 3295 fffissffl

285 3317 303 3343 “
326 3307 450 3388 mortis,
474 3328 567 3372 suam
590 3306 725 3394 reliquit
748 3311 875 3395 partem
898 3307 1013 3373 Abbaa
1034 3307 1204 3376 Johannes
1227 3309 1414 3396 Septi-latet
1424 3311 1502 3363 muel

286 3418 303 3446 “
325 3433 408 3490 mus,
424 3409 487 3476 sub
501 3409 708 3497 breviloquio
730 3415 995 3479 monstraremus.
1040 3411 1229 3478 Putabatur
1243 3379 1446 3478 nam-'⁹¹⁰³'

286 3521 303 3548 ‘¹
326 3534 434 3599 quea
454 3511 565 3594 variis,
589 3517 658 3578 tam
689 3512 731 3578 ab
763 3512 851 3577 infra
873 3534 973 3598 quam
996 3514 1149 3594 exterius,
1173 3515 1336 3600 quomodo

285 3625 302 3650 ‘⁸
324 3617 404 3702 ipse,
423 3618 558 3701 propter
580 3635 693 3680 causas
715 3613 833 3696 varias,
850 3614 973 3680 obisset
994 3621 1107 3702 pastor
1125 3617 1269 3682 multum
1291 3617 1338 3682 lo·

286 3723 305 3754 “
328 3716 447 3804 cuples,
471 3717 679 3803 multumque
702 3715 902 3783 sufficienter
925 3715 1156 3804 locupletasset
1178 3717 1250 3785 loca
1270 3719 1336 3784 ein-

285 3825 303 3854 “
427 3817 464 3882 in
504 3817 511 3833 '
599 3819 606 3834 ·
799 3817 818 3833 ““
861 3841 878 3882 r
945 3818 1082 3886 ''‘.-

325 3817 450 3984 5ubbm
473 3817 1077 4008 ἔέηῇῗᾳῖἶῗὲῗοὺέυἳὲῑυε
1103 3941 1169 4008 quo
1190 3923 1335 4009 praefuit,

286 4029 306 4060 “
328 4045 432 4088 annos
454 4022 598 4089 babebat
620 4023 763 4088 multum
786 4022 920 4102 fertiles
947 4024 993 4089 sic
1023 4024 1111 4112 quod
1134 4027 1336 4112 quarterium

286 4134 304 4160 “
327 4125 486 4191 frumenti
519 4148 578 4212 pro
612 4131 756 4212 quatuor
786 4125 908 4207 solidis,
931 4123 1069 4192 'hordei
1091 4148 1170 4192 vero
1192 4149 1252 4215 pro
1275 4128 1332 4192 tri-

286 4234 305 4264 “
328 4229 423 4316 ginta
444 4226 597 4306 denariis,
620 4232 661 4292 ut
683 4227 720 4292 in
741 4227 867 4315 majori,
891 4227 929 4292 in
951 4228 1021 4294 foro
1044 4229 1110 4294 emi
1130 4234 1248 4315 posset.

292 4341 293 4346 ’
332 4335 350 4364 “
364 4329 450 4394 Tum
471 4329 747 4416 secundo-quia
773 4330 840 4395 suis
868 4329 906 4395 in
936 4329 1138 4417 temporibus
1168 4329 1336 4416 sylvarum

287 4440 305 4466 “
327 4432 392 4499 fuit
412 4438 563 4498 vastator
586 4432 758 4513 maximus,
781 4432 1032 4520 superfiuuaque
1054 4418 1244 4499 nativorum
1266 4456 1336 4499 ma·

287 4539 306 4570 “
328 4533 500 4612 numissor,
523 4533 686 4600 ucetiam
709 4534 954 4602 immoderatus.

291 4693 425 4700 ...n-...m
639 4694 644 4698 -
662 4693 786 4699 -·..-.-..-
807 4695 815 4698 .
845 4693 872 4700 ..,
924 4693 944 4698 .,
962 4693 1012 4698 .-.,.-
1038 4693 1119 4698 ,ma-⁴...-
1141 4693 1176 4699 --..
1189 4693 1212 4700 -..
1225 4695 1236 4700 .-
1262 4695 1337 4702 -..φ-

322 4768 329 4801 ¹
339 4768 395 4819 The
406 4770 460 4820 first
471 4768 544 4819 letter
554 4768 576 4818 is
584 4768 688 4820 omitted
700 4790 707 4830 ;
720 4777 747 4820 to
758 4771 790 4819 be
873 4769 883 4801 ²
894 4767 960 4819 ordei
971 4767 997 4819 in
1009 4768 1065 4820 MS.

288 4849 402 4912 supplied
412 4847 438 4898 in
449 4847 625 4900 illumination.
