3588 5838
451 865 495 928 80
783 877 980 930 reorsrrmr
1001 876 1158 928 sensnm

279 1074 428 1130 nnreso.
450 1069 470 1100 “
492 1064 572 1131 thiae
594 1063 684 1130 illius
705 1064 841 1130 drusret
862 1063 954 1131 ultro
975 1085 1108 1147 annum,
1131 1069 1213 1132 tuno
1233 1064 1385 1152 praedicti
1400 1064 1495 1132 Prior

448 1169 467 1199 “
489 1170 524 1231 et
546 1165 746 1246 Conventus,
769 1185 829 1253 pro
851 1165 1003 1252 proximo
1024 1187 1111 1231 enno
1132 1165 1264 1253 integro
1286 1167 1446 1253 sequenti,
1465 1166 1494 1232 si

446 1274 466 1301 “
487 1271 582 1333 tnuto
604 1271 751 1354 tempore
774 1267 920 1348 durnret,
941 1265 1109 1333 solverent
1131 1267 1220 1334 dioto
1242 1267 1351 1335 abavo
1373 1275 1494 1348 nostro,

445 1374 463 1404 ‘⁴
485 1372 521 1435 et
541 1369 725 1435 heredibus
747 1370 823 1449 suis,
846 1369 938 1434 mille
960 1389 1086 1436 meroes
1109 1370 1152 1435 ed
1174 1369 1334 1436 terminos
1355 1371 1494 1458 praedio·

446 1476 464 1506 ‘⁴
486 1476 547 1552 tos,
570 1477 606 1538 et
638 1471 686 1537 sio
719 1493 778 1560 pro
809 1471 958 1557 quolibet
980 1493 1069 1537 enno
1090 1472 1221 1559 integro
1243 1477 1319 1559 post
1348 1473 1493 1559 primurn

445 1579 464 1610 “
486 1595 619 1654 annum,
643 1575 782 1640 durante
804 1573 976 1639 vocatione
997 1573 1165 1660 pnediote,
1189 1573 1232 1638 ed
1266 1573 1397 1640 eosdem
1426 1581 1493 1640 ter·

444 1680 462 1710 ‘⁴
485 1675 600 1754 minos,
615 1675 704 1742 mille
726 1697 859 1755 merens,
882 1682 917 1742 et
939 1675 968 1741 si
990 1675 1081 1742 ultre
1102 1697 1227 1741 ornum
1248 1676 1416 1764 integrum
1438 1677 1494 1743 vel

444 1785 462 1812 “
483 1799 587 1844 annos
609 1779 755 1866 integros
777 1778 920 1855 duraret,
935 1777 1056 1843 minori
1070 1781 1218 1866 tempore
1232 1799 1332 1864 quom
1354 1800 1413 1866 per
1434 1799 1493 1844 en-

445 1887 462 1914 “
483 1902 574 1962 num,
590 1883 672 1946 tuno
692 1901 753 1968 pro
774 1879 832 1945 illo
854 1879 976 1945 minori
998 1885 1145 1966 temporo
1164 1880 1205 1946 de
1219 1880 1386 1966 praediotis
1400 1881 1492 1946 mille

445 1987 464 2017 ‘⁴
486 1983 613 2061 merois,
628 2003 687 2070 pro
709 1986 785 2049 retu
806 1981 963 2069 temporis
985 1980 1075 2047 illius
1090 1982 1386 2069 proportionaliter,
1403 1983 1493 2050 dioto

445 2089 464 2118 “
485 2083 592 2150 ubnvo
613 2089 726 2150 nostro
756 2083 941 2150 solverent:
972 2088 1008 2149 et
1032 2082 1190 2150 voluisset
1219 2089 1254 2149 et
1283 2086 1493 2152 oonoessisset

446 2191 464 2220 “
485 2185 574 2251 idem
596 2186 722 2252 abavus
743 2189 864 2266 noster,
888 2206 948 2272 pro
979 2206 1014 2250 se
1036 2191 1071 2250 et
1093 2183 1279 2251 haeredibus
1301 2186 1378 2266 suis,
1401 2179 1491 2274 quod

445 2296 462 2322 “
483 2287 635 2375 praedioti
650 2287 744 2354 Prior
758 2293 793 2354 et
808 2286 1008 2365 Conventus,
1023 2293 1059 2352 et
1080 2309 1193 2353 eorum
1214 2309 1410 2356 rememores
1433 2287 1492 2356 ¹in

445 2395 465 2426 “
485 2396 690 2478 perpetuum,
705 2387 866 2456 heberent
886 2394 920 2455 et
941 2394 1093 2455 tenerent
1114 2389 1296 2456 custodiam
1312 2391 1491 2460 Abbuthiae

444 2500 462 2528 “
484 2491 651 2588 prrediotae
673 2491 812 2578 singulis
834 2491 1037 2578 temporibus
1052 2493 1262 2557 vocationum
1278 2492 1432 2579 ejusdem,
1454 2495 1491 2558 in

445 2603 463 2632 “
483 2595 589 2661 forme
602 2594 780 2682 praediote3
802 2593 852 2659 ite
874 2593 963 2679 quod
985 2592 1095 2659 nullus
1114 2593 1309 2676 Vioeoomes,
1326 2595 1489 2677 Esouetor,

444 2702 464 2732 “
485 2718 544 2764 seu
564 2697 752 2784 quicunque
774 2695 859 2763 elius
878 2695 1030 2774 ballivus,
1045 2717 1103 2762 seu
1118 2696 1279 2776 minister,
1296 2697 1377 2763 dieti
1392 2698 1491 2765 nbevi

445 2805 464 2834 “
485 2800 599 2880 nostri,
623 2799 676 2865 vel
705 2798 873 2864 haeredum
904 2819 1046 2878 snorum,
1070 2798 1111 2863 de
1141 2799 1290 2866 custodie
1311 2798 1491 2868 Abbuthioe

446 2909 463 2938 “
484 2901 659 2988 praediotae,
673 2920 731 2967 seu
746 2899 913 2968 Oellnrum
934 2920 1077 2978 suerum,
1092 2903 1322 2981 maneriorum,
1336 2907 1397 2968 sut
1410 2903 1491 2970 ulis-

445 3008 559 3070 “rum
582 3025 693 3070 rorum
715 3023 773 3070 seu
801 3001 964 3068 bonorum
993 3022 1272 3090 quorumcunque,
1293 3005 1337 3076 ed
1365 3003 1489 3072 dietum

445 3114 462 3143 “
485 3105 696 3182 Abbuthium,
712 3125 770 3170 seu
784 3102 894 3198 Cellas
905 3124 991 3183 suas,
1005 3103 1235 3189 speotnntinm,
1251 3107 1489 3192 quoquomodo,

445 3214 464 3244 “
485 3208 615 3274 notione
635 3205 816 3272 vooetionis
837 3205 936 3286 illius,
959 3226 995 3270 se
1023 3205 1061 3268 iu
1089 3204 1200 3292 aliquo
1231 3207 1489 3290 intromitteret;

445 3315 463 3344 “
485 3309 546 3374 boo
567 3315 681 3374 tomen
702 3319 846 3394 excepto,
871 3306 961 3393 quod
977 3307 1140 3384 Esouetor,
1155 3307 1210 3373 vel
1231 3307 1317 3374 nlius
1339 3309 1491 3376 minister

446 3420 462 3446 “
486 3410 568 3476 dicti
583 3409 682 3474 uberi
696 3409 809 3486 nostri,
823 3407 878 3473 vel
901 3407 1070 3474 haeredum
1092 3429 1234 3490 suorum,
1250 3410 1309 3496 qui
1330 3433 1391 3497 pro
1405 3417 1490 3479 tern-

445 3520 464 3550 “
486 3533 563 3600 pore
584 3511 679 3591 foret,
693 3509 780 3574 infra
793 3513 905 3597 portes
920 3512 1054 3574 tentum
1068 3509 1247 3578 Abbothise
1261 3513 1438 3598 praediotae,
1453 3515 1490 3580 in

445 3623 463 3651 “
484 3611 647 3701 principio
662 3611 838 3698 cujuslibet
853 3611 1036 3678 suffitionis
1051 3611 1204 3698 ejusdem,
1220 3615 1395 3700 quemdum
1411 3617 1488 3682 sim-

445 3724 464 3752 “
485 3715 601 3804 plioem
632 3713 795 3794 seisinsm,
825 3714 959 3780 nomine
989 3713 1129 3780 dominii
1150 3714 1233 3802 rogii
1255 3715 1337 3781 dioti
1363 3715 1489 3784 'ebori

445 3827 462 3854 “
484 3817 600 3897 nostri,
612 3818 751 3904 cuperet,
763 3823 806 3894 et,
821 3835 860 3881 ee
870 3816 917 3882 sio
931 3821 1036 3902 septu
1052 3815 1167 3882 stetim
1182 3817 1302 3884 exinde
1316 3819 1488 3900 resederet
1584 3832 1586 3838 ’

445 3927 465 3958 “
486 3921 610 4006 ubsque
632 3919 742 4005 aliquo
771 3917 848 3984 inde
879 3919 1046 4005 sopiendo,
1068 3940 1126 3985 seu
1147 3919 1250 3986 etism
1271 3924 1490 4008 asportando:

444 4029 462 4060 “
484 4023 534 4089 itu
556 4021 645 4110 quod
670 4019 760 4086 ultre
788 4041 894 4086 unum
923 4018 1021 4099 diem,
1051 4021 1219 4088 oooasione
1249 4021 1378 4090 seisinae
1406 4047 1489 4114 proe-

446 4133 464 4162 “
486 4125 592 4204 dietis,
614 4144 739 4189 morum
769 4122 819 4188 ibi
849 4143 917 4188 non
947 4121 1078 4204 fnoeret,
1101 4145 1161 4190 neo
1191 4123 1334 4211 aliquem
1365 4125 1489 4194 ibidem

445 4233 464 4264 “
486 4227 703 4294 substitueret
724 4224 796 4290 loeo
826 4223 1099 4292 sui-Voluisset
1123 4225 1267 4314 insuper,
1296 4233 1332 4294 et
1361 4250 1488 4298 oonoes·

445 4335 465 4365 “
486 4329 588 4411 sisset,
605 4328 713 4394 dietus
735 4325 861 4392 abavus
882 4329 1003 4406 noster,
1025 4349 1085 4414 pro
1108 4347 1142 4394 ss
1164 4333 1199 4394 et
1212 4327 1397 4396 haeredibus
1411 4332 1488 4415 suis,

446 4437 464 4466 ‘⁶
487 4430 575 4520 quod
596 4431 625 4496 si
645 4429 757 4495 forsan
779 4428 888 4494 dietus
910 4428 1036 4495 abavus
1056 4433 1176 4512 noster,
1192 4430 1247 4496 vel
1268 4427 1413 4500 haeredes
1427 4435 1488 4516 sui,

443 4539 462 4572 “
484 4533 595 4622 aliquo
616 4537 763 4619 tempore
793 4530 976 4598 vacationis
998 4531 1176 4599 Abbsthiae
1198 4533 1373 4620 praediotae,
1395 4557 1489 4603 exer·

508 4767 805 4836 unumpate-inus
956 4765 962 4836 Ι
1008 4765 1233 4824 ’Attonitum
