3668 5842
506 859 679 911 consume
702 858 985 910 wnmsnusrnnn
1006 859 1182 910 securum
1303 845 1368 914 259

321 1049 339 1080 “
359 1067 417 1114 seu
446 1049 603 1135 personis,
633 1047 675 1112 de
705 1046 870 1133 aliquibus
899 1047 997 1114 terris
1027 1051 1061 1112 et
1090 1045 1297 1124 tenementis,
1329 1044 1366 1108 in
1379 1053 1445 1105 ΔΙ).
1461 1057 1535 1105 14⁵⁶.

318 1157 336 1184 “
358 1149 478 1236 quibus
499 1149 609 1215 fuistis
630 1149 758 1216 feoffati
783 1171 826 1216 ex
851 1149 1058 1230 confidentia,
1075 1150 1118 1216 ed
1142 1149 1247 1238 ipsius
1261 1169 1366 1223 usum,

321 1257 340 1288 “
361 1251 415 1318 vel
436 1253 590 1341 ipsorum,
605 1252 663 1339 qui
677 1251 923 1318 feoffamentum
937 1251 1094 1330 fecerunt,
1108 1257 1144 1318 et
1162 1255 1275 1318 vestra
1296 1271 1364 1315 non

321 1359 338 1388 “
360 1354 496 1422 fuerunt
517 1359 596 1421 ante
618 1355 744 1420 dictum
766 1354 1021 1436 feoffamentum,
1044 1359 1139 1421 extra
1164 1360 1275 1421 actum
1298 1352 1367 1418 dic·

320 1465 338 1492 “
359 1461 432 1522 tum
447 1458 516 1524 sint
530 1461 684 1544 exceptas.
730 1457 869 1524 Proviso
883 1457 993 1535 etiam,
1006 1457 1095 1543 quod
1109 1478 1221 1523 omnes
1236 1476 1363 1522 conces-

319 1566 339 1592 “
360 1560 476 1642 mones,
502 1561 573 1626 sive
595 1559 867 1637 confirmationes,
889 1559 989 1626 factoe
1012 1581 1071 1647 per
1095 1581 1162 1638 vos,
1188 1560 1229 1626 de
1252 1557 1362 1645 aliquo

322 1669 340 1696 “
363 1662 467 1730 officio
497 1662 551 1729 vel
580 1661 701 1740 officiis,
727 1661 827 1728 alicui
850 1683 997 1749 personae
1019 1663 1073 1728 vel
1098 1663 1254 1749 personis,
1277 1659 1365 1747 quod

321 1770 339 1798 “
361 1764 502 1831 officium
516 1765 570 1831 vel
592 1787 667 1852 quae
689 1763 802 1842 officia,
817 1764 883 1830 suit
897 1765 952 1830 vel
974 1765 1117 1844 fuorunt,
1133 1764 1237 1832 officia
1258 1764 1366 1851 primo

321 1873 339 1902 “
361 1868 414 1934 die
432 1869 526 1955 regni
540 1868 651 1944 vestri,
666 1867 721 1934 vol
735 1872 822 1946 ants,
838 1872 873 1934 et
888 1867 1011 1934 eisdem
1033 1872 1161 1956 spectat
1182 1874 1217 1934 et
1238 1867 1367 1953 indiget

321 1976 339 2004 “
360 1971 489 2036 actuale
512 1971 714 2050 exercitium,
741 1975 775 2036 et
797 1969 966 2056 pertinent
987 1971 1042 2036 vel
1071 1972 1217 2058 pertinet
1241 1969 1367 2035 talibus

319 2079 337 2108 “
360 2073 622 2160 possessionibus,
639 2073 681 2138 de
698 2073 818 2159 quibus
834 2073 964 2160 Regino
984 2075 1224 2160 possessionata
1239 2073 1364 2153 existit,

319 2181 338 2209 “
358 2180 455 2242 extra
475 2181 587 2242 actum
609 2175 804 2262 preadictum
827 2175 896 2241 sint
916 2181 1069 2264 exceptae.
1116 2177 1216 2243 Salvo
1231 2176 1368 2242 cuilibet

320 2285 336 2310 “
358 2277 519 2365 ligeorum
544 2283 731 2344 vestrorum
748 2278 832 2364 jure,
854 2277 963 2356 titulo,
988 2285 1022 2343 et
1044 2279 1209 2358 interesse,
1231 2278 1308 2356 suis,
1330 2278 1368 2342 in

321 2380 509 2466 “quolibet
538 2381 788 2467 praemissorum,
811 2379 895 2444 talia
925 2380 1035 2466 qualia
1064 2381 1128 2469 ipsi
1157 2381 1282 2447 habent
1311 2379 1365 2446 vel

321 2487 339 2515 “
362 2482 551 2549 habuerunt
576 2488 655 2548 ante
686 2481 790 2548 dictas
821 2483 1052 2562 concessiones,
1075 2483 1130 2548 vel
1152 2484 1243 2565 citra,
1267 2481 1364 2548 aliter

320 2592 338 2618 “
360 2605 459 2672 quam
481 2585 606 2651 habent
628 2607 685 2672 per
707 2589 835 2652 vestras
858 2585 1106 2652 concessiones.”

364 2685 532 2754 lAudiens
554 2693 667 2754 autem
689 2686 812 2764 Abbos,
836 2691 916 2754 tunc
930 2689 967 2752 in
981 2711 1017 2754 se
1030 2688 1173 2754 multum
1196 2688 1366 2774 languens,
1379 2705 1535 2770 Thenbbot,

322 2789 362 2856 de
384 2789 597 2876 conceptione
626 2789 896 2876 porrectionaque
925 2790 1014 2856 billae
1040 2791 1146 2870 dictae,
1170 2791 1212 2856 cle
1240 2790 1365 2856 labore-
1378 2775 1476 2891 ²22th

319 2912 382 2977 que
404 2891 523 2957 diurno
545 2891 634 2958 inter
664 2912 813 2978 proceres
835 2914 895 2979 pro
917 2893 986 2978 ejus
1009 2892 1227 2981 expeditione,
1251 2893 1365 2958 statim
1379 2855 1517 2984 iics'ttiii‘

320 2991 384 3060 sibi
418 2993 576 3080 suspicari
606 2999 757 3082 coeperat,
781 2995 922 3080 qualiter
954 2996 1027 3083 ipsa
1059 2997 1097 3061 in
1127 2996 1366 3061 revocationem
1378 2975 1510 3104 ἓξὲξ),

320 3097 642 3183 resumptionemque
664 3097 830 3164 libertatis
851 3097 1000 3176 novellae,
1023 3099 1155 3166 noviter
1176 3121 1234 3186 per
1255 3098 1365 3185 ipsum
1377 3107 1491 3172 possibly

321 3197 502 3264 Dominum
514 3198 645 3286 Regem,
657 3199 695 3264 in
709 3220 948 3286 recompensam
964 3206 1128 3267 certorum
1142 3201 1311 3279 bonorum,
1323 3199 1364 3266 de
1377 3175 1497 3290 {eom

321 3301 440 3388 quibus
454 3301 496 3366 fit
509 3301 634 3367 mentio
649 3301 687 3366 in
709 3302 893 3388 praemissis,
908 3304 1050 3370 ecclesiae
1066 3302 1255 3383 ”concessos
1271 3303 1365 3368 dero·
1377 3314 1462 3372 granu
1473 3307 1525 3357 for-

320 3404 449 3490 gatoria
469 3403 742 3490 defalcatoriaque
763 3405 905 3470 multum
927 3411 1008 3474 erat.
1052 3409 1181 3473 Vocans
1202 3407 1307 3494 igitur
1321 3374 1488 3492 suffit,

320 3527 354 3572 se
376 3527 474 3572 suum
500 3505 655 3584 Priorem,
684 3506 820 3572 fratrem
841 3509 944 3574 variis
973 3513 1091 3575 notum
1113 3509 1307 3597 proceribus,
1331 3509 1432 3586 ethi311
1446 3505 1535 3573 hythe

321 3613 500 3695 acceptum,
518 3609 620 3694 jussit
641 3615 682 3676 ut
705 3631 779 3676 cum
801 3611 925 3698 majori,
948 3634 1013 3698 quo
1036 3611 1176 3692 suffecit,
1197 3612 1364 3678 celeritate
1378 3574 1456 3640 ΚΜ

320 3711 364 3776 ad
377 3710 636 3777 Parliamentum
652 3717 822 3798 pergeret,
845 3713 1087 3801 impetrataque
1100 3714 1190 3781 billae
1205 3715 1307 3801 copia,
1324 3713 1364 3780 de

320 3813 462 3878 remedio
485 3834 629 3900 congruo
650 3819 766 3880 contra
790 3815 920 3902 singula
943 3816 1150 3905 derogatoria
1171 3817 1365 3904 provideret.

365 3915 525 3983 Grediens
545 3917 650 4004 igitur
671 3917 767 3983 Prior
788 3917 975 3998 Londoniis,
998 3925 1033 3986 et
1054 3919 1143 3986 billae
1164 3920 1290 4007 copiam
1304 3917 1367 3981 im·
1378 3931 1427 3981 His
1438 3929 1512 3982 Ρήοι·

321 4023 462 4106 petrans,
485 4020 611 4102 statim,
626 4020 667 4085 de
682 4020 885 4087 avisamento
907 4023 1045 4103 concilii,
1068 4023 1146 4088 licet
1168 4023 1205 4087 in
1220 4043 1259 4087 ea
1272 4025 1366 4108 parte
1377 3999 1497 4126 ffifffff
1507 4005 1535 4047 ¹⁰

317 4143 386 4188 non
419 4121 563 4188 multum
597 4123 730 4205 sensati,
759 4124 934 4208 quemdam
957 4126 996 4192 de
1031 4125 1217 4215 provisione
1250 4124 1364 4190 billam
1378 4130 1533 4182 mocimus

319 4224 444 4314 concipi
469 4226 665 4305 decreverat,
689 4227 930 4314 quamdamque
953 4229 1100 4316 concepit
1122 4228 1245 4306 billam,
1271 4225 1364 4313 cujus
1377 4197 1509 4316 2²11?ssleOE

319 4331 414 4393 tenor
435 4328 512 4395 talis
534 4334 661 4408 erat,-

365 4429 527 4497 “Proviso
541 4432 652 4511 etiam,
667 4433 757 4519 quod
777 4455 921 4520 praesens
936 4441 1030 4502 actus
1044 4433 1276 4522 resumptionis
1297 4453 1365 4499 non
1377 4450 1519 4504 Formosa

319 4535 338 4566 “
360 4533 405 4598 sit
437 4532 570 4600 laesivus
599 4541 669 4622 aut
691 4536 921 4623 praejudicialis
945 4538 1102 4616 Johanni,
1128 4560 1217 4604 nunc
1239 4536 1366 4603 Abbati
1378 4518 1511 4652 Ἐζᾶ

351 4739 361 4772 ¹
372 4741 427 4793 'l'he
439 4743 520 4794 initicl
535 4745 608 4796 letter
618 4744 640 4795 is
654 4747 759 4800 omitted
771 4769 779 4809 ς
796 4755 822 4800 to
896 4749 965 4800 'See
986 4763 1064 4814 pagee
1084 4753 1125 4812 27,
1138 4753 1229 4814 61-54,
1249 4759 1315 4815 am,
1326 4753 1366 4805 for

317 4819 350 4871 be
363 4821 699 4885 mppliedinillumlnation.
864 4829 990 4896 theroyal
1000 4831 1146 4896 grantbere
1156 4831 1265 4885 teleneu
1276 4841 1311 4886 to.

1169 4917 1235 4980 nt
