3588 5838
446 869 487 934 38
779 881 979 932 aso1srnuu
1001 879 1159 930 asssmn

278 1077 461 1132 A.D.144a“
485 1070 585 1135 ‘dam
617 1069 745 1156 Regum
775 1067 915 1156 Angfiae,
945 1075 981 1134 et
1010 1075 1121 1134 nostro
1152 1071 1340 1156 patronatu,
1364 1067 1491 1146 existit,

446 1179 464 1208 “
488 1173 547 1238 ‘in
566 1172 634 1237 suis
656 1173 920 1259 possessionibus,
944 1177 1015 1236 tam
1038 1171 1265 1257 spiritualibus
1288 1192 1388 1257 quam
1411 1176 1495 1237 tem·

446 1284 461 1310 “
485 1274 684 1362 ‘poralibua
707 1273 814 1339 eidem
837 1273 1015 1339 Abbathiae
1037 1273 1080 1338 ab
1096 1273 1176 1339 olim
1195 1269 1331 1352 collatis,
1347 1273 1391 1339 ad
1412 1295 1495 1361 prae-

446 1385 464 1415 “
487 1387 585 1444 ‘sens
607 1377 780 1458 diminuta,
804 1377 1010 1462 ecclesiaque,
1033 1376 1189 1456 maneria,
1220 1375 1375 1453 dominia,
1398 1397 1499 1464 gran·

446 1489 463 1516 “
487 1483 581 1568 ‘gisa
605 1485 787 1566 caeteraque
807 1479 956 1556 aedificia,
972 1479 1077 1544 eidem
1092 1477 1270 1544 Abbathisa
1293 1478 1497 1565 pertinentia

445 1593 464 1620 ‘¹
487 1589 545 1650 ‘et
579 1584 770 1670 spectantia,
802 1604 861 1669 per
887 1581 1083 1648 insolentem
1110 1585 1145 1646 et
1172 1581 1346 1674 sinistram
1376 1581 1495 1669 guber-

446 1695 463 1723 “
486 1687 678 1752 ‘nationem
711 1691 880 1772 pastorum
906 1683 1030 1750 ibidem
1060 1684 1177 1750 diatim
1212 1683 1436 1761 existentium,
1459 1685 1496 1748 in

446 1794 463 1824 “
486 1793 642 1854 ‘tantum
671 1791 803 1853 vastata
825 1792 860 1852 et
885 1787 1052 1852 destructa
1082 1787 1236 1864 existant,
1260 1791 1295 1851 et
1318 1808 1401 1872 quae,
1431 1787 1496 1851 nisi

445 1901 462 1926 “
486 1891 608 1956 ‘citius
629 1895 831 1976 reparentur,
848 1890 986 1968 ruinam,
1002 1888 1090 1975 quod
1112 1888 1209 1968 absit,
1223 1889 1395 1975 patientur
1408 1889 1496 1953 infra

446 2001 463 2030 “
486 1995 630 2074 ‘breve;
653 2015 726 2080 quae
741 1993 874 2078 quidem
896 1993 1119 2079 possessiones,
1140 1991 1361 2057 1reventiones
1383 1992 1494 2068 etiam,

445 2106 462 2132 “
486 2105 636 2163 ‘necnon
658 2097 818 2176 redditus,
839 2096 993 2181 proficua,
1017 2101 1052 2160 et
1074 2094 1286 2174 reversiones,
1308 2095 1350 2160 de
1372 2095 1494 2161 eisdem

446 2205 463 2234 “
487 2198 775 2287 ‘possessionibus
802 2198 965 2276 maneriis,
988 2197 1153 2277 dominiis,
1177 2197 1331 2284 grangiis,
1353 2199 1495 2264 cateris-

447 2309 464 2336 “
488 2310 497 2336 ⁴
511 2324 575 2388 que
597 2301 695 2368 terris
710 2303 744 2366 et
766 2302 975 2382 tenementis,
992 2299 1097 2366 eidem
1112 2300 1290 2366 Abbathioe
1305 2301 1493 2385 antiquitus

446 2414 464 2441 “
487 2405 646 2485 ‘collatis
670 2403 844 2469 annuatim
866 2403 1104 2490 provenientes,
1125 2401 1167 2468 ad
1191 2403 1307 2468 divina
1328 2403 1493 2488 obsequia,

446 2517 464 2543 “
486 2515 691 2594 ‘caeteraque
713 2507 847 2594 pietatis
873 2529 979 2593 opera,
1002 2507 1039 2571 in
1062 2505 1231 2572 Abbathia
1252 2507 1419 2593 praedicta,
1442 2508 1493 2572 in-

446 2621 462 2646 “
485 2611 579 2676 ‘dies
600 2609 794 2676 celebranda
816 2613 851 2676 et
866 2609 1067 2688 sustinenda,
1091 2631 1129 2674 ac
1149 2610 1373 2696 reparationes
1395 2611 1494 2676 eccle·

447 2721 465 2750 ‘⁴
488 2715 577 2793 ‘siaa
601 2712 830 2793 maneriorum,
861 2714 1083 2800 grangiarum,
1106 2713 1333 2791 dominiorum,
1364 2719 1495 2780 caetero·

446 2825 463 2851 “
485 2825 647 2901 ‘rumque
669 2815 881 2881 aedifieiorum
911 2815 1018 2880 eidem
1039 2814 1217 2881 Abbathiae
1247 2815 1493 2903 pertinentium,

447 2923 463 2950 “
488 2921 549 2982 ‘'ao
563 2915 702 2980 aliorum
722 2936 859 2980 onerum
877 2914 1002 2980 ibidem
1018 2914 1125 2980 indies
1139 2914 1409 2996 incumbentium,
1425 2937 1495 2980 sus·

446 3024 465 3054 ‘⁸
489 3019 688 3084 ‘tentandas
710 3022 745 3084 et
774 3017 1014 3106 supportandas
1036 3017 1095 3080 vix
1124 3016 1268 3082 sufficere
1297 3018 1433 3104 possint,
1455 3023 1495 3082 ut

445 3127 463 3154 “
489 3122 694 3206 ‘acecpimus
706 3121 831 3184 2-Nos
861 3120 967 3186 eidem
988 3119 1176 3199 Abbathiae,
1199 3121 1273 3206 qu'ae
1303 3141 1360 3205 per
1382 3119 1494 3206 hujus-

446 3230 463 3256 “
487 3222 601 3288 ‘modi
623 3221 756 3286 inclitos
786 3222 1010 3308 progenitores
1036 3226 1173 3298 nostros,
1195 3222 1262 3287 suis
1285 3223 1496 3309 temporibus,

444 3333 463 3359 “
487 3329 579 3388 ‘tam
610 3323 723 3388 nobile
752 3323 892 3388 fundate
915 3329 949 3389 et
972 3323 1149 3390 honorifice
1179 3329 1275 3390 extat
1297 3330 1494 3406 constructa,

447 3433 463 3460 “
487 3425 695 3503 ‘subvenire
717 3447 854 3511 eamque
883 3430 919 3490 et
945 3446 1057 3492 omnes
1089 3427 1306 3513 possessiones
1338 3426 1492 3512 ejusdem,

445 3535 464 3563 “
486 3535 495 3562 ‘
510 3533 672 3614 quantum
694 3528 729 3592 in
751 3527 846 3592 nobis
861 3532 921 3606 est,
936 3533 1158 3608 manutenere,
1173 3534 1374 3616 supportare,
1390 3536 1425 3595 et
1439 3552 1494 3596 eas

446 3639 463 3664 “
485 3631 618 3716 ‘potius
647 3635 860 3716 augmentare
883 3653 982 3716 quam
1013 3631 1205 3709 diminuere,
1227 3653 1355 3698 necnon
1378 3632 1420 3698 ob
1442 3631 1495 3697 in-

446 3740 463 3770 “
486 3739 620 3798 ‘ternas
642 3732 846 3798 affectionem
869 3739 903 3798 et
926 3733 1135 3799 devotionem
1151 3755 1232 3820 quas
1250 3734 1293 3797 ad
1314 3734 1409 3798 illum
1425 3735 1494 3822 glo·

446 3844 463 3872 ‘¹
485 3835 631 3901 ‘riosum
655 3833 870 3922 ”Martyrem
889 3835 1047 3901 Sanctum
1070 3835 1247 3914 Albanum,
1264 3836 1355 3922 eujus
1378 3858 1494 3924 corpus

445 3945 463 3974 “
486 3939 545 4004 ‘in
567 3938 701 4004 ecclesia
722 3937 902 4004 Abbathiae
923 3939 1090 4026 praediotae
1112 3939 1288 4004 honorifice
1310 3938 1494 4017 humatum,

445 4047 463 4076 ‘⁸
486 4049 493 4074 ‘
508 4046 544 4107 et
566 4040 658 4126 cujus
673 4039 796 4106 honore
811 4039 944 4107 ecclesia
958 4040 1135 4106 Abbathiae
1155 4041 1321 4128 praedicta
1336 4042 1493 4124 dedicata,

443 4153 461 4179 “
483 4145 630 4223 ‘existit
652 4144 795 4231 gerimus
817 4148 853 4209 et
873 4143 1039 4224 habemus,
1063 4145 1200 4210 eandem
1222 4144 1427 4210 Abbathiam
1443 4145 1492 4210 di-

444 4255 460 4280 “
483 4248 609 4313 ‘versis
640 4246 862 4327 libertatibus,
893 4244 1091 4326 franchesiis,
1122 4243 1181 4311 8et
1214 4245 1491 4329 immunitatibus,

443 4359 460 4386 “
483 4350 665 4437 ‘insignire
697 4348 856 4431 volentes,
878 4350 919 4415 de
948 4350 1057 4436 gratia
1079 4341 1193 4414 nostra
1222 4349 1362 4435 speciali,
1387 4355 1422 4416 ot
1449 4351 1491 4416 ob

441 4461 459 4486 “
484 4453 663 4518 ‘honorem
687 4451 824 4516 Domini
842 4451 958 4532 nostri,
986 4451 1086 4516 Ihesu
1113 4451 1247 4530 Christi,
1269 4451 1400 4518 Sanctae
1419 4451 1490 4517 Ma

385 4629 386 4634 γ
442 4561 459 4589 “
484 4555 571 4632 ‘riae,
588 4554 707 4618 Matris
729 4554 884 4640 ejusdem,
909 4553 1023 4620 Sancti
1038 4554 1170 4632 Albani,
1194 4559 1230 4618 et
1251 4555 1356 4620 totius
1380 4553 1490 4621 (larisa

443 4715 552 4722 --.-
724 4713 779 4718 ...—
807 4714 842 4719 -...
877 4715 884 4718 -
922 4713 1095 4721 -——--—
1108 4714 1175 4719 ——.-

475 4797 483 4825 ¹
495 4793 588 4842 Added
599 4791 626 4842 iu
636 4809 652 4844 a
662 4794 725 4843 later
735 4793 810 4844 hana
1022 4792 1194 4843 witemora
1205 4809 1296 4846 occurs
1312 4795 1386 4860 again
1404 4795 1489 4847 before

474 4875 485 4905 ‘⁶'
496 4873 628 4924 Martirem
639 4872 665 4924 in
676 4873 731 4925 MS.
988 4874 1038 4924 this
1050 4875 1118 4924 word
1128 4873 1154 4924 in
1165 4873 1223 4926 MS.
