3582 5838
333 933 338 945 .
472 891 647 944 ronanam
669 889 952 943 wnmnausrnnn
974 893 1150 946 saounnn.
1265 881 1327 944 201

284 1106 348 1172 que
382 1087 457 1171 post
487 1083 558 1171 ejus
589 1101 757 1160 reoesmm,
780 1083 939 1148 associata
960 1081 1023 1148 sibi
1046 1082 1087 1148 de
1109 1103 1190 1148 sexu
1219 1082 1330 1171 fragili
1343 1098 1411 1154 Ab.
1426 1104 1498 1152 ress.

282 1209 351 1253 non
384 1185 514 1252 modica
543 1184 638 1272 plebe
669 1183 808 1272 garrula,
831 1189 866 1250 et
887 1185 929 1250 de
956 1184 1152 1252 discretione
1174 1184 1264 1268 exili,
1287 1185 1330 1252 ad

282 1291 404 1355 dictam
426 1286 662 1354 constabularii
692 1286 828 1353 domum
858 1287 1014 1374 perrexit,
1037 1286 1213 1374 rapuitque
1243 1288 1329 1367 inde,

281 1391 413 1464 illarum
432 1390 614 1477 juvamine,
630 1393 740 1476 petras
757 1388 829 1476 jam
851 1389 963 1468 dictes,
986 1411 1024 1456 oo
1046 1389 1176 1471 iterum,
1191 1391 1248 1456 sed
1264 1412 1329 1457 non

282 1494 405 1581 absque
430 1493 596 1580 probrosis
628 1490 783 1558 conviciis
805 1490 990 1571 verborum,
1013 1491 1056 1557 ad
1079 1490 1185 1557 locum
1216 1492 1329 1580 pristi-

281 1617 363 1662 num
386 1594 584 1684 apportavit

326 1699 377 1764 De
400 1719 464 1784 quo
486 1697 573 1763 facto
591 1696 705 1762 Abbas
728 1695 930 1774 certioratus,
945 1695 1165 1782 respondebat
1179 1697 1329 1784 protinus
1341 1696 1394 1776 pne
1406 1699 1495 1750 Abba

281 1799 481 1878 certioranti,
502 1799 552 1864 ita
575 1797 685 1864 dicens
698 1805 772 1864 :-“
781 1798 836 1863 Ad
858 1799 1052 1886 magistrum
1075 1799 1217 1886 respicit,
1240 1767 1486 1886 quic-E,r,⁸⁸,‘1’,¹,{ed

281 1910 300 1939 “
323 1902 403 1989 quid
437 1923 458 1967 a
488 1900 647 1987 discipulo
670 1899 881 1988 delinquitur,
904 1900 1114 1987 pertinetque
1144 1900 1188 1966 ad
1219 1901 1327 1966 virum
1340 1897 1458 1950 ¹¹⁰⁸b⁸¹¹<¹

281 2011 300 2042 “
323 2003 479 2090 quicquid
503 2003 546 2069 ab
578 2002 649 2089 ejus
683 2002 826 2079 muliere,
849 2024 907 2068 seu
932 2001 1060 2081 vitiose,
1084 2023 1141 2068 seu
1164 2003 1328 2090 injuriose,
1342 1963 1440 2082 ἕξω

283 2117 300 2142 “
323 2129 381 2173 seu
414 2103 656 2186 contumeliose,
688 2109 865 2172 exercetur.
911 2105 973 2170 Est
1004 2105 1090 2170 enim
1125 2105 1187 2186 vir,
1210 2111 1250 2171 ut
1279 2096 1449 2172 ,sternia

282 2215 300 2246 ‘⁴
322 2208 516 2296 ¹Soriptura
537 2207 641 2288 testis,
674 2213 793 2296 ‘caput
814 2207 977 2274 mulieris?
1023 2207 1064 2272 In
1096 2215 1195 2296 caput
1225 2208 1332 2296 igitur

282 2319 299 2346 ‘¹
321 2312 433 2398 ipsius,
456 2315 617 2398 tanquam
650 2309 687 2374 in
721 2313 821 2395 ceput
854 2314 890 2376 et
919 2313 1084 2376 auctorem
1106 2311 1212 2398 totius
1234 2311 1331 2377 istius

282 2422 301 2449 “
324 2419 554 2500 transgressus,
584 2411 737 2477 volumus
774 2412 946 2478 extrahere
982 2412 1129 2499 gladium
1167 2413 1331 2479 ultionis.’'

283 2515 514 2602 Accersitoque
547 2514 589 2579 ad
623 2535 657 2580 se
690 2535 748 2578 suo
779 2513 963 2591 senescallo,
981 2515 1084 2601 jussit
1114 2520 1161 2593 ut,
1184 2516 1329 2582 celeriori
1342 2525 1490 2604 lagalpro-
1606 2563 1608 2569 ,

283 2619 380 2686 modo
402 2639 468 2704 qno
490 2615 660 2694 sufficeret,
675 2616 850 2682 sessionem
872 2617 961 2702 pacis
984 2617 1071 2682 infra
1085 2618 1199 2682 villam
1215 2618 1329 2685 Sancti
1341 2594 1467 2710 {ffi’

282 2719 407 2785 Albani
429 2719 536 2786 teneri
558 2719 687 2797 faceret,
709 2716 894 2805 inquirique
916 2720 952 2783 in
975 2741 1014 2784 ea
1035 2720 1147 2785 taliter
1161 2720 1201 2786 de
1224 2724 1330 2786 trans·
1342 2725 1462 2790 quirinion

281 2843 394 2911 gressu
416 2821 513 2902 dicto,
528 2827 563 2886 et
584 2820 734 2898 inveniri,
757 2842 795 2886 ac
816 2821 957 2886 ulterius
978 2821 1013 2885 in
1030 2820 1165 2888 Curiam
1188 2823 1330 2909 superio·
1343 2794 1466 2910 fflm,

282 2945 360 3001 rem,
384 2928 459 3011 post
481 2923 714 3000 inventionem,
737 2921 919 3002 certificari,
943 2929 982 2988 ut
1004 2923 1067 2999 lex,
1098 2944 1173 3008 quae
1198 2927 1450 3010 propsermesced

283 3031 536 3114 transgressores
570 3024 679 3112 posita
714 3031 773 3103 est,
796 3045 891 3089 suum
919 3045 1048 3089 orrrsum
1072 3024 1191 3090 babere
1213 3000 1442 3108 valeaeffim

283 3129 395 3214 sicque
427 3126 539 3214 puniri
570 3131 791 3213 transgressor
822 3125 939 3204 dictus,
963 3127 1051 3212 qnod
1082 3147 1149 3191 nou
1172 3125 1332 3214 ²adjiciat

282 3230 423 3296 ulterius
445 3235 483 3295 ut
505 3233 661 3316 resurgat.
708 3227 834 3314 Sisque,
849 3232 945 3292 tenta
959 3227 1109 3309 sessione,
1124 3229 1161 3292 in
1180 3229 1331 3296 omnibus
1344 3243 1401 3296 The
1412 3246 1449 3296 or-

283 3331 391 3396 fuerat
411 3329 545 3409 factum,
568 3351 606 3396 aa
639 3329 777 3396 ulterius
806 3330 842 3394 in
872 3329 942 3415 lege
972 3329 1085 3396 taliter
1113 3337 1330 3416 prosecutum,
1343 3311 1499 3444 ξζξᾛὲῗ

282 3439 322 3498 ut
344 3433 485 3510 demum,
507 3437 600 3497 metu
622 3431 801 3518 utlagariae,
824 3432 990 3499 accederet
1019 3433 1128 3498 dictus
1150 3438 1426 3522 transgres-onhis
1490 3417 1498 3443 '

282 3557 336 3602 sor
368 3535 411 3602 ad
441 3535 651 3621 praesentiam
673 3534 822 3610 Abbatia
845 3540 1044 3622 peteretque,
1066 3535 1162 3601 flexis
1183 3537 1329 3624 genibus,
1340 3513 1440 3638 ἷζξξξῗ
1454 3581 1500 3631 bu,

282 3638 552 3726 perdonationem
590 3636 653 3702 sibi
690 3637 762 3702 fieri
792 3657 852 3723 pro
889 3637 1203 3724 transgressionibus
1240 3639 1452 3719 salemum

282 3739 422 3806 offerens
448 3739 593 3817 ulterius,
617 3743 652 3804 et
681 3739 886 3827 promittens,
909 3741 1025 3805 erectis
1054 3740 1215 3823 manibus,
1237 3743 1266 3806 si
1293 3711 1482 3842 ptffiffl„

282 3847 445 3930 quatenus
467 3842 601 3908 daretur
623 3841 688 3907 sibi
709 3841 844 3907 licentia
864 3839 908 3905 ad
930 3841 1114 3908 faciendum
1132 3842 1274 3908 farinam
1289 3845 1329 3910 de
1342 3843 1458 3920 wintra

282 3966 396 4023 avena,
418 3943 460 4009 ad
489 3943 619 4009 nullum
647 3943 838 4008 ulteriorem
860 3943 1002 4010 molendi
1024 3965 1119 4010 usum
1142 3943 1243 4009 vellet
1271 3941 1330 4008 8in
1342 3909 1404 3960 ΜΗ·

282 4052 449 4136 posterum
471 4066 620 4132 unquam
642 4045 805 4132 applicare
828 4043 1054 4111 molendinum
1077 4066 1181 4112 suum.

328 4147 450 4226 Abbas,
473 4148 558 4213 hanc
589 4167 682 4212 suam
712 4146 913 4212 oblationem
942 4146 1088 4228 audiens,
1111 4147 1330 4234 respondebat
1342 4171 1398 4222 Tne
1409 4173 1498 4224 Abbor

282 4252 313 4318 ei
351 4251 483 4329 iterum,
520 4250 570 4315 ita
606 4249 716 4315 dicens
735 4258 806 4314 :-“
820 4249 935 4314 Amice
976 4250 1031 4330 mi,
1069 4249 1256 4315 licentiatus
1292 4250 1457 4355 inffffi}

282 4352 467 4418 “minimis
490 4351 680 4438 frequenter
701 4350 745 4416 ad
775 4350 932 4416 ulteriora
962 4351 1177 4438 progreditur,
1208 4351 1330 4437 vixque
1343 4321 1469 4433 discerno

282 4463 299 4492 “
321 4455 411 4520 inter
431 4453 555 4520 multos
577 4452 746 4519 invenitur
769 4453 897 4540 aliquis,
920 4452 977 4539 qui
1010 4453 1057 4517 sio
1078 4453 1140 4518 scit
1172 4455 1223 4519 uti
1254 4437 1443 4519 con-W·

317 4717 323 4749 ¹
340 4723 350 4766 l
367 4716 425 4766 Cor.
437 4713 471 4766 xi.
484 4720 507 4766 3.
864 4715 1037 4780 ’inposterum
1047 4713 1073 4764 in
1087 4715 1142 4766 MS.

317 4795 430 4846 2ιιάὶσίαί
440 4794 466 4844 in
478 4795 531 4846 MS.
