3640 5842
453 876 518 940 350
783 891 982 942 nnorsrnuu
1004 891 1159 942 resins

282 1083 467 1139 A.D.1rss.“
491 1076 621 1163 ‘gentis
652 1077 831 1144 Romanos!
862 1078 1006 1144 Deorum
1041 1079 1242 1166 benignitati
1268 1079 1386 1144 merito
1416 1099 1496 1144 coae·

449 1183 467 1212 “
491 1181 654 1264 ‘quande
700 1181 901 1246 Beneficium
930 1183 972 1246 ab
1002 1182 1082 1268 ipsis
1104 1183 1293 1269 accepimus,
1317 1183 1406 1268 quod
1431 1183 1497 1246 illis

448 1291 465 1314 “
490 1281 701 1348 ‘nullatenus
725 1273 963 1349 ¹de'dissemus.’
1009 1285 1128 1370 Sisque
1151 1291 1222 1350 arte
1240 1285 1312 1370 jem
1334 1285 1424 1350 dicta
1446 1285 1495 1350 vi-

450 1392 466 1418 “
488 1391 602 1450 cerunt
617 1385 780 1473 principes
801 1386 933 1474 praefeti
949 1388 1093 1453 malitias
1115 1388 1268 1474 plurium,
1282 1388 1495 1473 feceruntque

448 1493 467 1520 “
489 1508 542 1551 eos
559 1487 599 1552 de
613 1486 700 1574 lupis
722 1488 791 1554 fore
813 1511 922 1576 agnos,
937 1511 975 1555 ac
997 1491 1099 1556 etiarn
1121 1490 1161 1554 de
1176 1511 1294 1576 genere
1308 1491 1494 1555 amicorum.

447 1597 465 1623 “
490 1589 678 1674 Hucusque,
696 1590 852 1678 Princeps
873 1592 1022 1670 illustris,
1045 1593 1153 1679 rigore
1168 1597 1203 1657 et
1217 1592 1396 1659 severitate
1417 1615 1495 1658 usus

448 1699 465 1724 ‘¹
487 1691 594 1756 sueres
616 1693 653 1756 in
675 1693 769 1779 ipsos,
790 1699 825 1758 et
847 1715 963 1780 perum
986 1693 1040 1760 vel
1063 1691 1172 1759 ²nihil
1193 1693 1380 1782 profeceras.
1427 1693 1494 1758 Ex-

446 1794 593 1879 “perire
626 1794 731 1881 igitur
764 1817 852 1861 nunc
885 1796 948 1861 hiis
979 1796 1153 1878 contraria,
1185 1796 1303 1877 medin,
1330 1796 1493 1877 videlicet,

445 1903 461 1930 “
483 1895 640 1975 lenitatis,
663 1897 807 1983 pietatis,
823 1904 858 1962 et
881 1898 1084 1980 clementiae;
1106 1903 1140 1964 et
1154 1897 1267 1964 forson
1289 1900 1335 1964 sic
1357 1920 1412 1964 eos
1426 1897 1494 1964 effi·

446 2003 463 2030 “
485 1998 549 2064 cies
565 1999 669 2086 magis
684 1999 804 2077 fideles,
821 2022 859 2065 ac
873 2001 976 2066 etiem
997 2001 1213 2086 obsequiosos‚
1229 2023 1330 2088 quam
1346 2022 1492 2087 unquam

444 2106 462 2134 “
485 2122 543 2185 per
571 2107 670 2167 auten
692 2101 792 2168 fuere.

492 2222 509 2250 “
521 2217 641 2295 Tertio,
665 2218 974 2306 sie—Principibus
1003 2219 1153 2306 pluribus
1175 2219 1350 2286 elementis
1371 2217 1492 2305 pluries

445 2323 462 2354 ‘¹
484 2319 558 2406 plus
579 2320 726 2407 profecit,
741 2326 775 2386 et
795 2322 910 2408 pietas,
930 2343 1030 2408 quom
1052 2327 1112 2388 eut
1133 2323 1222 2409 rigor
1243 2327 1303 2387 cut
1325 2321 1491 2403 severitas,

444 2421 669 2507 “pluriesque
702 2423 781 2488 fecit
814 2446 869 2490 eos
900 2424 941 2488 de
971 2424 1066 2489 hoste
1097 2425 1197 2490 fuisse
1219 2425 1368 2490 victores.
1413 2424 1492 2488 Pius

445 2531 462 2558 “
484 2523 601 2609 utique
623 2532 694 2590 erat
709 2525 839 2604 AEness,
855 2530 889 2591 et
904 2525 1055 2591 Turnum
1069 2525 1292 2592 adversarium
1315 2525 1491 2612 corripuit3

443 2625 559 2711 “pius
591 2626 693 2691 etiam
725 2625 845 2705 Julius,
879 2631 915 2692 et
948 2628 1140 2713 Pompeium
1166 2628 1322 2694 aemulum
1359 2628 1490 2694 devicit.

443 2733 462 2762 “
485 2727 564 2793 Pius
586 2729 719 2815 insuper
740 2727 975 2820 ³Octcvianus,
990 2737 1025 2796 et
1047 2729 1215 2796 inimicum
1228 2731 1406 2817 'superavit
1420 2731 1490 2795 An-

444 2836 462 2864 “
483 2831 623 2911 tonium,
657 2853 696 2897 ac
729 2833 892 2918 posterius
928 2836 1039 2897 totum
1076 2833 1251 2920 imperium
1282 2831 1487 2920 *occupavit

445 2939 463 2968 “
484 2933 544 2998 Pie
565 2933 670 3021 igitur
690 2935 726 2998 in
749 2935 809 3000 hos
832 2933 992 3000 Dominos
1021 2935 1111 3022 regin
1133 2937 1177 3000 sit
1199 2939 1355 3022 potestas,
1370 2941 1406 3000 et
1428 2935 1491 3000 for-

444 3039 461 3068 “
484 3056 542 3100 sen
571 3057 631 3122 per
651 3036 808 3123 pietatem
830 3037 941 3102 vincet
972 3059 1084 3102 eorum
1116 3036 1286 3118 malitiam,
1310 3059 1347 3102 co
1369 3042 1488 3118 totum,

443 3144 460 3174 “
482 3139 656 3224 utrobique
678 3161 738 3227 pro
760 3161 847 3205 nuno
868 3140 1063 3226 inquietum,
1079 3139 1313 3226 tranquillabit
1328 3141 1488 3227 posterius

443 3245 462 3274 “
484 3261 580 3305 suum
601 3263 746 3328 regnum.

487 3362 506 3391 “
518 3355 652 3437 Quarto,
676 3358 728 3423 sic.
741 3356 1087 3437 -Quemadmodm
1120 3355 1223 3443 juxta
1259 3355 1486 3443 ⁶Apostolum¹

444 3463 460 3493 ‘⁸
482 3465 490 3492 ‘
506 3457 715 3544 Quaecunque
730 3481 787 3546 per
804 3466 932 3525 sanctos
947 3459 1093 3524 doctores
1107 3460 1230 3546 scripto
1244 3465 1332 3538 sunt,
1347 3461 1390 3524 nd
1413 3482 1486 3525 nos·

442 3567 459 3593 ‘¹
481 3564 592 3624 ‘trem
617 3560 801 3626 doctrinam
828 3561 950 3648 scripte
981 3566 1069 3640 sunt,
1092 3565 1132 3626 ut
1162 3584 1221 3648 per
1248 3561 1382 3628 illorum
1411 3583 1486 3628 con-

443 3669 459 3696 “
482 3661 699 3728 ‘solationem
729 3685 819 3750 spem
848 3663 1026 3728 habeamus
1056 3663 1212 3749 mojorem
1242 3665 1332 3751 opud
1362 3665 1486 3743 Deum,’

442 3769 461 3798 “
482 3763 532 3830 its
546 3763 657 3846 etiam,
674 3785 874 3852 quaeeunque
896 3787 955 3852 per
969 3770 1097 3831 nostros
1112 3763 1403 3855 “chronographos
1417 3767 1486 3832 sive

441 3873 458 3901 “
480 3867 648 3932 annalium
671 3871 867 3953 quotetores,
889 3867 963 3933 ideo
986 3867 1107 3956 scripta
1122 3867 1191 3933 sive
1213 3867 1317 3933 relate
1338 3875 1426 3947 sunt,
1448 3874 1487 3934 ut

442 3975 460 4006 “
483 3971 644 4036 discamus
675 3971 835 4036 melorum
869 3971 1032 4037 saevitiom
1063 3970 1181 4058 fugere,
1217 3971 1378 4037 bonorum
1408 3993 1486 4038 vero

440 4077 458 4108 “
480 4073 638 4159 pietatem
659 4073 821 4139 insectari.
866 4071 965 4138 Modo
980 4071 1137 4139 scribitur
1158 4073 1199 4138 de
1221 4073 1372 4161 lbojeno,
1394 4073 1486 4140 ⁷Irn-

440 4179 458 4210 “
480 4187 669 4262 perosorum
691 4197 892 4264 paganorum
916 4176 1050 4263 optiino,
1073 4197 1110 4242 sc
1125 4177 1226 4242 etium
1241 4182 1485 4258 rememoretur,

439 4266 642 4366 “quomodo
673 4279 751 4366 ipse,
774 4279 811 4343 in
833 4283 905 4344 toto
929 4299 988 4344 suo
1018 4279 1185 4366 regimine,
1209 4279 1358 4367 princeps
1379 4284 1484 4347 tontae

471 4604 479 4638 ²
490 4603 631 4656 &discerne
641 4604 667 4654 in
678 4603 735 4657 ΜΒ.

468 4684 479 4718 ²
490 4684 566 4736 nictit
574 4684 602 4734 in
612 4683 668 4738 MS.

469 4763 480 4798 ³
494 4763 644 4815 Οοωυίωιιω
655 4763 681 4813 in
692 4761 749 4816 MS.

467 4844 478 4876 ⁴
489 4844 602 4910 oeupaett
612 4842 639 4892 in
648 4841 707 4894 MS.
