3582 5838
447 884 513 946 182
782 895 980 946 nncrsraun
1001 893 1159 944 susurru

276 1085 466 1141 A·D·1⁴⁵-'v·“
489 1089 544 1149 tus
567 1079 751 1148 avunculus
772 1085 884 1146 noster
905 1081 946 1147 da
968 1080 1153 1168 proditione
1175 1082 1289 1166 aperte
1306 1079 1498 1146 nominatus

449 1192 468 1220 “
490 1183 599 1262 fuerit,
630 1188 664 1249 et
698 1182 883 1249 defamatus
896 1183 1029 1265 z—Nos,
1053 1180 1221 1271 praemissa
1246 1183 1500 1262 considerantes,

447 1294 464 1321 “
487 1286 527 1352 de
550 1286 754 1351 avisamento
772 1289 807 1351 ot
825 1307 958 1351 assensu
974 1286 1191 1352 Dominorum
1208 1284 1439 1372 Spirituolium
1461 1289 1496 1350 et

445 1393 463 1424 “
487 1388 738 1474 Temporalium,
754 1388 791 1452 in
813 1388 904 1454 dicto
919 1388 1140 1453 Parliamento
1156 1386 1380 1469 existentium,
1397 1409 1435 1452 ac
1455 1387 1497 1451 ud

447 1496 464 1526 “
487 1491 734 1576 requisitionem
757 1489 1013 1556 Oommunitatis
1042 1490 1218 1577 praedictae,
1240 1511 1369 1556 necnon
1397 1486 1496 1555 ¹auc-

446 1601 464 1629 “
486 1593 624 1659 toritate
646 1592 792 1680 ejusdem
807 1592 1030 1674 Parliamenti,
1046 1592 1174 1658 dictum
1196 1591 1398 1658 avrmculum
1421 1613 1496 1658 nos·

447 1701 464 1730 “
487 1699 578 1761 trum
608 1695 738 1760 fidelem
769 1694 892 1783 ligeum
923 1701 1074 1762 nostrum
1106 1694 1221 1760 dicbus
1252 1694 1346 1781 regni
1378 1693 1496 1773 nostri,

446 1805 463 1834 “
484 1819 586 1884 usque
608 1798 696 1863 dicm
718 1797 835 1863 mortis
857 1819 935 1876 snae,
959 1797 1198 1864 declaravimus
1223 1801 1259 1862 et
1280 1795 1496 1878 declaramus,

446 1909 463 1938 “
486 1925 523 1969 ac
553 1904 781 1991 reputavimus
814 1907 848 1969 et
879 1909 1079 1990 reputamus,
1110 1907 1210 1990 prout
1242 1903 1279 1968 in
1309 1908 1388 1969 actu
1418 1903 1497 1969 inde

448 2005 574 2072 “iacto
611 2005 741 2092 plcnius
777 2006 973 2072 continetur.
1028 2006 1103 2072 Tibi
1139 2005 1244 2092 igitur
1280 2004 1500 2092 praecipimus,

449 2113 468 2142 “
489 2105 631 2172 fimiter
667 2107 887 2194 injungentes,
919 2108 1008 2194 qnod
1047 2109 1084 2172 in
1121 2107 1260 2194 singulis
1296 2107 1376 2172 locis
1411 2107 1498 2171 infin

447 2213 465 2243 “
487 2208 644 2274 ballivum
673 2213 767 2275 tuam
792 2210 965 2297 utriusque
989 2209 1183 2287 Comitatus,
1206 2207 1265 2274 ubi
1295 2208 1412 2274 melius
1441 2231 1499 2274 ex·

448 2317 464 2348 ‘⁸
486 2311 598 2398 pedire
628 2311 760 2388 videris,
785 2316 855 2376 tam
885 2313 974 2376 infra
1004 2311 1177 2378 libertates
1207 2332 1307 2397 quam
1337 2315 1440 2392 extra,
1464 2317 1499 2378 et

447 2419 465 2450 “
487 2413 604 2479 saltem
626 2413 715 2479 infra
729 2412 845 2480 villam
862 2414 903 2480 do
918 2413 1042 2480 Sancto
1056 2414 1196 2493 Albano,
1213 2434 1256 2478 cx
1277 2417 1371 2500 parte
1385 2417 1500 2479 nostra

447 2522 465 2552 “
487 2516 617 2604 publico
639 2517 835 2604 proclamari
860 2517 961 2582 facias
981 2517 1092 2583 omnia
1114 2521 1150 2583 et
1170 2515 1301 2602 singula
1323 2516 1501 2602 praemissa,

447 2624 465 2653 “
487 2622 522 2684 ot
545 2616 633 2705 quod
659 2618 839 2705 pradictus
865 2620 1049 2685 avunculus
1073 2622 1186 2684 noster
1208 2617 1362 2684 omnibus
1384 2617 1501 2683 diebus

446 2726 465 2756 “
486 2719 567 2786 visae
590 2742 667 2798 suae,
689 2720 830 2787 durante
852 2742 953 2808 regno
979 2725 1103 2799 nostro,
1125 2720 1232 2786 fidelis
1254 2719 1360 2808 ligcus
1387 2725 1499 2786 noster

446 2823 610 2892 “extitit
655 2824 701 2889 Et
723 2823 792 2902 hoc,
817 2824 879 2890 sub
902 2824 1045 2913 periculo
1067 2824 1287 2904 incumbente,
1308 2825 1499 2890 nullatenus

446 2933 464 2962 “
487 2925 631 2995 omittas.
675 2925 773 2992 Teste
795 2927 928 3012 meipso,
951 2927 1040 3014 apud
1070 2925 1409 3005 westmonasterium,
1437 2925 1498 2991 tri·

446 3034 466 3064 “
486 3027 605 3094 cesimo
635 3029 743 3116 primo
773 3028 827 3095 die
849 3026 943 3108 Julii,
967 3050 1054 3095 anno
1083 3028 1178 3117 regni
1205 3027 1312 3094 nostri
1334 3027 1499 3094 tricesimo

445 3137 463 3165 ‘¹
485 3127 613 3196 tertio’'

277 3217 422 3334 fitam
491 3230 642 3296 Ulterius
674 3230 715 3298 de
746 3234 853 3297 morte
885 3231 966 3297 dicti
998 3229 1136 3297 Domini
1160 3231 1270 3311 Ducis,
1295 3231 1335 3297 ds
1365 3251 1431 3348 qua
1459 3229 1495 3296 in

278 3350 412 3467 meduan,
446 3335 519 3397 toto
545 3331 666 3418 populo
698 3331 806 3398 fuerat
837 3333 1053 3398 murmuratio
1083 3333 1226 3420 grandis,
1257 3333 1339 3399 de
1329 3333 1497 3420 rpsiusquc

277 3497 359 3550 Μ
311 3417 427 3534 Ἓᾱῆω
446 3431 719 3514 infamationem
742 3433 783 3500 de
807 3455 904 3500 causa
924 3434 1160 3517 infamationis,
1177 3433 1333 3500 scribitur
1347 3434 1497 3516 ulterius,

279 3549 382 3614 charges
448 3531 550 3600 ²lioet
571 3535 775 3616 succinctius,
798 3537 932 3602 metrice
954 3537 1016 3602 sub
1038 3536 1103 3602 hiis
1126 3536 1290 3603 verbis.—

276 3617 377 3746 iad-{n
516 3641 673 3709 8ΛΕιιιιιΙιι
694 3667 763 3711 sors
785 3645 885 3712 variis
907 3647 1077 3735 signanter
1097 3646 1274 3714 honoribus
1296 3647 1374 3714 altis

279 3747 341 3800 him.
540 3745 701 3813 Oausavit
723 3746 850 3814 miserae
873 3749 960 3814 mals
982 3749 1105 3814 multos
1126 3749 1203 3814 flere
1225 3749 1340 3817 ruinae.

539 3848 651 3916 Oaesus
673 3853 744 3914 erat
766 3849 887 3929 Julius,
909 3851 1009 3916 undis
1030 3872 1156 3917 mersus
1177 3849 1406 3930 ⁴Ptolomaeus,

536 3951 655 4017 Pulsus
678 3951 884 4038 Tarquinius,
908 3951 986 4020 exul
1007 3953 1178 4040 factusque
1199 3953 1340 4039 Tydeus.

535 4052 679 4139 Duxque
701 4054 802 4120 nimis
823 4076 961 4143 propere
977 4055 1049 4141 jam
1072 4055 1180 4122 dictus
1202 4059 1352 4142 tempora
1371 4055 1454 4122 vitas

538 4152 729 4243 Complevit
750 4157 865 4222 tristis.
890 4157 1003 4223 Heusl
1028 4158 1216 4244 indignatio
1239 4157 1340 4245 Regis

537 4253 644 4322 Causa
665 4256 731 4324 fuit
753 4279 881 4346 magna,
904 4259 1009 4346 major
1031 4259 1192 4326 detractio
1214 4260 1296 4324 falsa

480 4547 738 4604 marcomirus.
995 4553 1233 4620 scriptiontosolios
1246 4557 1382 4608 tta-lta

480 4625 951 4699 'DcclarutiocltcrasuctuproDucc
1028 4635 1038 4666 ¹
1049 4634 1105 4685 lue
1115 4634 1171 4686 first
1182 4635 1256 4686 letter
1267 4635 1324 4698 (Ε.)
1337 4633 1458 4695 omitteds
1470 4639 1501 4684 to

447 4709 568 4773 Eboraci,
587 4727 636 4776 pro
657 4709 760 4776 altisque
781 4727 859 4762 ucoca
877 4713 951 4763 ιἰιιιι-
994 4715 1026 4765 be
1038 4711 1151 4777 supplied
1162 4713 1188 4763 in
1199 4712 1376 4764 illuminatior.

448 4786 590 4852 asamar,
626 4798 728 4856 mpero
763 4789 951 4857 tolli-Super·
1029 4791 1311 4844 4ΡιΙιιΙιιιιιιιιιιιιΜΒ.
