3588 5838
464 895 637 949 uenturus
659 897 943 951 numniusrunn
964 899 1140 953 susurrum.
1278 889 1320 954 69

274 1089 310 1150 et
333 1087 601 1152 ornamentorum
621 1084 863 1172 predictorum,
884 1085 927 1151 de
940 1087 1050 1172 gretie
1070 1105 1131 1152 sue
1152 1085 1481 1176 predictumque·

274 1191 312 1252 et
343 1187 386 1252 de
416 1187 620 1254 nuisemento
654 1186 796 1254 Oonoilii
827 1186 879 1253 sui
899 1188 1072 1276 praedieti3
1099 1209 1159 1277 per
1189 1190 1320 1256 eosdem

276 1287 422 1355 Iitteres
443 1288 600 1357 Potentes
622 1291 789 1372 eonoessit,
811 1313 872 1378 pro
894 1311 929 1356 se
961 1295 996 1356 et
1025 1291 1212 1358 haeredibus
1242 1293 1321 1374 suis,
1414 1327 1418 1334 ·

276 1397 439 1477 quantum
468 1391 505 1457 in
533 1392 605 1480 ipso
634 1391 709 1470 fuit,
735 1392 859 1460 eisdem
888 1413 993 1480 nuper
1013 1393 1140 1459 Abbeti
1169 1399 1205 1460 et
1235 1393 1322 1462 Oen·

275 1493 403 1576 ventui,
426 1498 461 1560 et
483 1494 721 1562 suecessoribus
742 1495 820 1574 suis,
842 1517 901 1584 per
923 1516 1053 1584 nomeu¹
1065 1495 1230 1562 Johnnnis
1251 1497 1321 1564 Ab·

275 1595 364 1662 betis
378 1601 413 1663 st
427 1597 620 1664 Conventus
635 1597 763 1663 Domus
774 1603 809 1664 st
823 1597 976 1664 Eeolssiae
991 1597 1032 1663 de
1047 1595 1168 1664 Suneto
1181 1599 1322 1679 Albano,

275 1721 350 1785 qure
383 1699 425 1766 de
454 1699 650 1766 fundatione
681 1700 928 1788 pmgenitorum
960 1720 1102 1778 suorum
1131 1699 1322 1787 1quondum

275 1803 411 1892 'regum
442 1805 584 1894 Angliae,
614 1810 649 1872 et
678 1827 738 1872 suo
767 1811 956 1894 patronatu,
984 1805 1109 1888 existit,
1140 1807 1229 1894 quod
1248 1807 1320 1894 ipsi,

275 1907 320 1972 ud
342 1906 524 1994 quamlibet
545 1907 785 1974 concessionem
807 1907 848 1974 de
871 1907 1076 1974 oonoessione
1106 1907 1244 1995 ntioujus
1265 1910 1323 1975 de·

275 2009 378 2087 unire,
399 2015 460 2076 eut
481 2009 670 2076 medietatis
691 2008 836 2090 deeimae,
856 2009 963 2075 eidem
985 2009 1129 2076 Domino
1152 2009 1245 2098 Regi,
1262 2015 1323 2077 eut

275 2110 375 2178 ulieui
411 2111 580 2180 haeredum
617 2133 761 2193 suumn,
798 2133 857 2199 per
891 2111 1024 2179 Olerum
1060 2113 1155 2200 regni
1191 2113 1322 2202 Angliae

275 2214 427 2302 proximo
448 2214 602 2297 fiendum,
618 2235 677 2280 seu
698 2213 948 2293 eoncedendum,
969 2215 1039 2280 sint
1060 2214 1166 2302 quieti
1187 2221 1223 2282 et
1244 2237 1323 2284 exo·

275 2317 384 2382 neruti
405 2339 484 2405 erge
505 2317 614 2404 ipsum
638 2315 771 2404 Regem',
796 2321 831 2382 et
853 2317 982 2382 eosdem
1004 2315 1150 2384 heoredes
1172 2339 1257 2400 suos,
1281 2318 1323 2386 de

276 2417 400 2506 viginti
421 2419 517 2484 libris
537 2420 579 2484 de
601 2417 792 2505 hujusmodi
814 2418 949 2502 decime,
972 2423 1007 2486 et
1032 2418 1074 2485 de
1096 2419 1207 2486 decem
1228 2419 1323 2488 libris

277 2521 319 2587 de
341 2521 519 2588 medietate
541 2520 686 2602 deeimae,
709 2521 756 2587 sio
786 2542 954 2602 eonoessee,
977 2543 1036 2610 per
1057 2521 1188 2589 eosdem
1217 2545 1324 2611 nuper

278 2623 446 2689 Abbutem
483 2629 519 2689 et
551 2622 772 2702 conventum,
804 2623 874 2690 sire
911 2645 971 2712 per
1007 2644 1204 2691 suooessores
1239 2647 1323 2705 suos,

271 2724 374 2811 juxte
388 2726 527 2792 formem
543 2725 785 2792 oonoessionum
799 2725 940 2804 illerum,
955 2724 1120 2792 solvendis
1133 2751 1141 2808 ;
1156 2747 1323 2814 quousque

278 2828 430 2916 proedieti
465 2848 572 2916 nuper
601 2827 717 2895 Abbes
747 2833 782 2896 et
813 2828 1006 2896 Conventus
1036 2829 1106 2894 sint
1143 2827 1253 2908 soluti,
1288 2831 1324 2896 in

276 2932 381 2997 formo
403 2930 571 3017 praediete,
594 2931 634 2997 de
664 2952 794 2996 summe
822 2935 1053 2997 sexoenterum
1074 2930 1242 3008 librorum,
1265 2953 1324 3019 per

277 3035 387 3121 ipsum
409 3033 535 3121 Regem
560 3033 683 3100 eisdem
713 3055 818 3122 nuper
839 3033 969 3099 Abbeti
990 3039 1025 3099 et
1048 3030 1238 3099 conventui
1266 3033 1324 3100 de·

276 3135 358 3212 bite,
380 3157 439 3202 seu
468 3156 528 3223 per
557 3135 667 3223 ipsum
697 3135 821 3224 Regem
851 3135 973 3202 eisdem
1003 3155 1108 3221 nuper
1133 3133 1260 3200 Abbati
1289 3141 1324 3202 et

278 3237 477 3320 conventui,
511 3243 547 3305 et
580 3239 816 3305 sueoessoribus
847 3239 924 3317 suis,
958 3237 999 3304 de
1029 3237 1127 3302 dietis
1160 3238 1324 3306 sexeentis

277 3340 380 3420 libris,
396 3345 456 3407 unt
477 3341 520 3406 de
542 3361 581 3407 eo
595 3341 684 3427 quod
706 3340 784 3407 inde
800 3341 999 3428 superfuerit
1019 3338 1211 3418 insolutum,
1225 3339 1323 3407 eliter

275 3449 560 3529 recompensatum
573 3441 683 3522 fuerit,
706 3447 806 3530 prout
819 3441 855 3507 in
877 3441 1000 3508 eisdem
1022 3441 1158 3507 Litteris
1172 3441 1322 3509 Petenti-

277 3543 349 3622 bus,
370 3544 450 3611 inde
470 3545 635 3624 uenientis,
657 3545 787 3632 plenius
807 3545 1003 3614 eontinetur.

320 3648 368 3713 Et
396 3646 479 3712 dieit
508 3646 610 3712 etiem
639 3646 728 3713 idem
759 3668 848 3713 nuno
877 3647 1001 3727 Abbes,
1031 3647 1121 3735 quod
1150 3646 1485 3720 Jobennesnneseboe

276 3749 406 3828 stokes,
429 3748 644 3837 praedeeessor
674 3771 761 3828 suus,
791 3749 858 3815 fuit
878 3749 993 3816 Abbes
1016 3750 1210 3816 Monesterii
1238 3773 1321 3838 prae-
1332 3735 1491 3852 Qum

276 3851 369 3931 dieti,
391 3855 537 3939 tempore
559 3851 771 3918 confectionis
798 3852 1000 3918 Litterarum
1023 3851 1215 3918 Petentium
1237 3865 1463 3946 pree-theurus

276 3953 448 4020 utum
494 3953 541 4019 ue
562 3975 659 4041 super
680 3953 743 4020 noo
764 3953 852 4020 ium
871 3975 976 4040 nuper
989 3953 1105 4020 nubas
1121 3953 1245 4020 retunt
1266 3953 1320 4020 nu
1332 3932 1491 4051 affl?

275 4057 377 4124 breve
390 4055 527 4122 Domini
548 4057 650 4144 Regis
671 4055 713 4123 de
736 4057 859 4144 Magno
875 4055 993 4144 Sigiiio
1014 4079 1083 4137 suo,
1101 4055 1318 4123 Theseumrio
1333 4063 1470 4117 'iream

275 4165 312 4225 et
332 4158 517 4226 Beronibus
539 4159 637 4245 hujus
653 4158 811 4225 Smoeurii
826 4159 999 4238 directum,
1013 4159 1103 4247 quod
1123 4157 1319 4225 irrotuletur
1332 4133 1491 4250 ffiffl'

275 4262 364 4328 inter
394 4261 511 4328 brevio
543 4261 668 4328 directe
701 4261 888 4328 Beronibus
921 4262 963 4330 de
1003 4261 1156 4328 Termino
1187 4260 1446 4329 Suuetaeeheqw·

276 4363 460 4443 'lt-initutis,
490 4385 579 4429 anno
612 4363 768 4430 viueeimo
801 4385 890 4431 nono
924 4363 1023 4452 Regis
1054 4363 1161 4451 hujus,
1197 4363 1320 4431 Rutulo
1409 4391 1412 4398 ·

277 4465 413 4547 Quinto,
435 4465 473 4530 in
497 4464 567 4531 haee
590 4465 745 4534 verbu-

312 4665 434 4730 mque
464 4666 492 4715 n
520 4665 586 4728 ns,
609 4668 644 4731 sy
667 4647 785 4718 metu
855 4665 1079 4732 ermenus.

306 4759 363 4795 nce.

279 4753 305 4794 te
