3668 5842
439 917 504 984 278
775 919 971 972 aueuruuu
993 915 1153 968 ramma

275 1120 458 1178 AJ).1457.“
483 1132 550 1176 sem
586 1109 720 1173 Ihesum
751 1106 914 1182 invocare,
952 1125 1129 1190 omnesque
1159 1101 1202 1167 ad
1240 1121 1347 1168 meam
1377 1120 1490 1166 vocem

440 1223 457 1251 “
481 1214 605 1301 pariter
641 1207 894 1298 respondissent,
935 1206 1096 1292 quamvis,
1133 1203 1299 1272 mediante
1343 1203 1489 1281 flumine,

441 1323 458 1354 “
481 1335 558 1382 sane
588 1317 703 1378 contra
734 1311 865 1376 eosdem
895 1309 993 1375 Ihesu
1025 1307 1152 1374 Christi
1174 1307 1315 1396 perfidos
1340 1305 1490 1371 inimicos

441 1415 661 1484 “transitum
707 1411 801 1478 facile
846 1433 914 1477 non
959 1433 1126 1498 possemus
1163 1410 1291 1490 habere,
1329 1409 1394 1474 nisi
1432 1427 1491 1495 per

441 1525 460 1556 ‘²
482 1541 602 1607 paucas
624 1515 802 1593 naviculas,
824 1515 981 1580 audiente
1004 1514 1102 1580 Ihesu
1133 1513 1259 1580 Christi
1288 1513 1383 1578 hoste
1416 1533 1490 1577 nos·

442 1631 459 1658 ‘⁸
481 1627 550 1688 tras
586 1619 728 1686 excelsas
752 1638 860 1702 ¹voees
896 1621 1096 1695 resonantes,
1127 1624 1161 1683 et
1198 1617 1362 1694 clamores,
1397 1613 1491 1702 impii

442 1733 459 1760 “
483 1723 658 1800 maledicti,
693 1721 826 1786 nomine
855 1724 1079 1806 persequente,
1109 1719 1209 1807 primi
1239 1719 1385 1785 conversi
1414 1733 1493 1783 sunt

442 1827 518 1891 “in
541 1827 664 1913 fugem.
709 1822 890 1888 Exurrexit
919 1821 1081 1888 Dominus
1113 1822 1203 1888 Deus
1233 1827 1346 1888 noster
1376 1820 1492 1885 ihesus

442 1940 459 1968 “
484 1930 644 2006 Christus,
668 1931 702 1992 et
725 1926 878 2012 dissipati
908 1929 988 1991 sunt
1017 1925 1142 1991 inimici
1172 1925 1250 2013 ejus,
1272 1925 1358 1992 sicut
1381 1923 1492 1989 deficit

444 2040 461 2068 ‘⁸
484 2034 630 2098 fumnsa
651 2030 734 2095 facie
756 2028 858 2116 venti.
905 2027 1052 2094 OPater
1070 2027 1198 2104 Sancte,
1222 2029 1386 2114 quomodo
1400 2031 1492 2092 totus

444 2137 463 2167 “
485 2129 625 2219 populus
660 2127 857 2194 Christiana
890 2126 1058 2212 religionis
1089 2127 1251 2194 sufficiens
1284 2149 1352 2192 esse
1385 2131 1493 2212 potest

443 2241 460 2271 “
482 2233 524 2299 ad
554 2231 757 2297 reddendum
780 2229 962 2317 gratiarum
993 2231 1145 2307 actiones,
1172 2235 1206 2295 et
1236 2229 1352 2317 dignas
1381 2228 1493 2293 laudes

445 2343 462 2372 “
485 2335 628 2401 Domino
660 2339 775 2399 nostro
813 2332 913 2398 Ihesu
945 2331 1087 2413 Christo,
1112 2332 1169 2418 qni
1200 2353 1259 2419 pro
1293 2353 1354 2397 sua
1386 2351 1493 2406 eausa,

445 2447 461 2474 “
485 2443 662 2524 nostraque
683 2437 899 2525 protectione,
921 2435 1009 2502 solus
1023 2435 1197 2523 pugnavit,
1211 2441 1310 2522 atque
1326 2454 1493 2522 expugna·

443 2545 462 2576 “
483 2541 536 2606 vit
566 2542 600 2605 et
630 2540 795 2606 destruxit
825 2538 1007 2604 exercitum
1038 2539 1151 2625 magni
1181 2537 1310 2618 Turchi,
1333 2537 1370 2602 in
1399 2557 1490 2602 suam

444 2649 460 2678 “
483 2641 715 2722 confusionem,
738 2649 773 2707 et
795 2641 934 2707 dedecus
957 2640 1218 2728 sempiternum?
1262 2639 1351 2706 Talis
1367 2637 1492 2707 Christi

451 2755 469 2783 ‘¹
491 2747 592 2815 Ihesu
616 2748 756 2814 victoria
784 2748 927 2834 gloriosa
957 2749 997 2812 de
1027 2769 1082 2813 ore
1112 2747 1260 2812 omnium
1289 2747 1492 2814 Christiano·

446 2857 464 2885 “
487 2873 560 2916 rum
584 2849 644 2916 ¹in
665 2855 861 2938 perpetuum
883 2871 1054 2936 nunquam
1078 2855 1187 2916 cesset.

491 2952 649 3019 “Multis
679 2953 888 3041 praepeditus,
919 2958 953 3017 et
983 2951 1095 3018 arduis
1124 2955 1267 3040 negotiis
1297 2953 1493 3041 implicatus,

444 3065 463 3094 “
485 3079 527 3123 ex
542 3057 767 3123 commissione
782 3061 902 3121 vestrae
924 3055 1128 3136 Sanctitatis,
1143 3077 1211 3121 non
1233 3078 1365 3144 possum
1383 3057 1495 3122 omnia

334 3146 338 3156 ’
445 3166 463 3195 “
487 3158 659 3238 desultore,
682 3159 747 3237 sed,
778 3161 872 3224 eece!
902 3158 1000 3224 mitto
1023 3157 1188 3245 egregium
1218 3159 1350 3238 socium,
1378 3159 1493 3225 Domi-

446 3267 568 3328 “num
597 3261 639 3326 de
664 3261 733 3346 Hy,
757 3260 845 3346 epud
872 3260 970 3347 pedes
993 3265 1113 3326 vestrae
1139 3261 1344 3340 sanctitatis,
1367 3262 1432 3348 qui,
1456 3263 1494 3327 in

445 3373 462 3399 “
485 3363 711 3428 testimonium
750 3363 827 3428 talis
858 3361 1015 3446 victoriae,
1045 3367 1165 3431 vestrae
1203 3363 1382 3430 sanctitati
1412 3387 1494 3452 prae·

447 3471 465 3522 ‘f
487 3465 633 3531 sentabit
657 3464 830 3551 quemdam
858 3465 1002 3531 nobilem
1024 3486 1163 3551 puerum
1183 3467 1412 3546 Vosenensem,
1436 3469 1494 3554 qui

448 3567 524 3631 “in
555 3571 650 3632 utero
679 3565 796 3632 matris
826 3567 868 3631 ad
898 3567 1072 3635 Turchiam
1104 3567 1232 3634 delatus
1261 3569 1363 3648 stetit,
1394 3575 1429 3636 et
1458 3573 1494 3636 in

448 3675 466 3704 “
489 3667 564 3733 aula
602 3669 693 3756 regia
725 3669 892 3751 educatus,
924 3668 1021 3736 bonae
1052 3669 1172 3736 indolis
1210 3676 1244 3736 et
1274 3671 1494 3759 prudentioris

448 3777 466 3806 “
488 3769 634 3858 ingenii3
673 3769 732 3857 qui
765 3771 945 3838 sanctitati
983 3777 1102 3837 vestras
1133 3773 1276 3860 plurima
1305 3775 1425 3840 referet
1454 3777 1494 3842 de

448 3873 733 3939 “conditionibus
770 3875 882 3962 magni
919 3875 1047 3956 Turchi,
1086 3879 1120 3940 et
1158 3876 1198 3940 de
1235 3898 1294 3941 sua
1334 3883 1495 3965 praesente

448 3983 467 4012 “
488 3977 605 4057 ruina3
643 3998 725 4063 quos
761 3982 978 4066 praesentatos
1014 3983 1048 4042 et
1085 3984 1339 4064 praesentaturos
1377 3987 1495 4046 vestrae

447 4084 465 4114 ‘¹
489 4078 695 4145 Beatitudini
741 4079 825 4148 facio
869 4079 1154 4146 recommendatos.
1215 4079 1261 4148 Et
1292 4083 1321 4147 si
1358 4083 1495 4168 pusillus

447 4181 686 4248 “vermiculus
716 4183 777 4248 sub
807 4182 945 4269 pedibus
975 4188 1094 4249 vestrae
1117 4183 1313 4251 Sanctitatis
1338 4185 1495 4273 indignus

447 4291 464 4320 “
486 4283 558 4362 sim,
573 4284 696 4372 absque
712 4285 841 4351 meritis
855 4291 977 4352 vestrae
992 4285 1121 4373 gratiae‚
1145 4293 1179 4352 et
1201 4287 1370 4354 facultatis
1390 4285 1494 4353 'mihi

445 4391 464 4421 ‘¹
486 4387 653 4474 praestitae,
685 4409 845 4475 praesumo
879 4393 1000 4470 tamen,
1035 4411 1110 4456 cum
1147 4388 1349 4468 ³Abrahem,
1386 4391 1495 4458 adhuc

445 4489 666 4554 “reverenda
697 4489 885 4556 humilitate
919 4491 962 4555 ad
993 4490 1173 4556 Dominum
1208 4514 1316 4558 meum
1343 4491 1492 4579 colloqui,
