<?xml version="1.0" encoding="UTF-8"?>
<!DOCTYPE html PUBLIC "-//W3C//DTD XHTML 1.0 Transitional//EN"
    "http://www.w3.org/TR/xhtml1/DTD/xhtml1-transitional.dtd">
<html xmlns="http://www.w3.org/1999/xhtml" xml:lang="en" lang="en">
 <head>
  <title>
</title>
<meta http-equiv="Content-Type" content="text/html;charset=utf-8" />
  <meta name='ocr-system' content='tesseract 3.04.00' />
  <meta name='ocr-capabilities' content='ocr_page ocr_carea ocr_par ocr_line ocrx_word'/>
</head>
<body>
  <div class='ocr_page' id='page_1' title='image "./registraquorund00wallgoog_0299.png"; bbox 0 0 3668 5842; ppageno 0'>
   <div class='ocr_carea' id='block_1_1' title="bbox 499 888 1352 952">
    <p class='ocr_par' dir='ltr' id='par_1_1' title="bbox 499 888 1352 952">
     <span class='ocr_line' id='line_1_1' title="bbox 499 888 1352 952; baseline -0.002 -2"><span class='ocrx_word' id='word_1_1' title='bbox 499 900 672 950; x_wconf 76' lang='lat' dir='ltr'><strong>Jonnnnrs</strong></span> <span class='ocrx_word' id='word_1_2' title='bbox 694 899 977 950; x_wconf 75' lang='lat' dir='ltr'><strong>nummusrnnu</strong></span> <span class='ocrx_word' id='word_1_3' title='bbox 998 901 1176 952; x_wconf 78' lang='lat' dir='ltr'><strong>succuum.</strong></span> <span class='ocrx_word' id='word_1_4' title='bbox 1291 888 1352 949; x_wconf 76' lang='lat'><strong>241</strong></span> 
     </span>
    </p>
   </div>
   <div class='ocr_carea' id='block_1_2' title="bbox 307 1088 1522 4554">
    <p class='ocr_par' dir='ltr' id='par_1_2' title="bbox 307 1088 1522 4554">
     <span class='ocr_line' id='line_1_2' title="bbox 315 1088 1522 1177; baseline 0.002 -25"><span class='ocrx_word' id='word_1_5' title='bbox 315 1095 332 1124; x_wconf 89' lang='lat'><strong><em>“</em></strong></span> <span class='ocrx_word' id='word_1_6' title='bbox 353 1088 458 1167; x_wconf 89' lang='lat' dir='ltr'><strong>nobis,</strong></span> <span class='ocrx_word' id='word_1_7' title='bbox 473 1089 618 1176; x_wconf 87' lang='lat' dir='ltr'><strong>praefatis</strong></span> <span class='ocrx_word' id='word_1_8' title='bbox 634 1090 807 1177; x_wconf 88' lang='lat' dir='ltr'><strong>Radulpho</strong></span> <span class='ocrx_word' id='word_1_9' title='bbox 823 1095 857 1156; x_wconf 88' lang='lat' dir='ltr'><strong>et</strong></span> <span class='ocrx_word' id='word_1_10' title='bbox 876 1089 902 1156; x_wconf 86' lang='lat' dir='ltr'><strong>J</strong></span> <span class='ocrx_word' id='word_1_11' title='bbox 903 1090 1039 1167; x_wconf 86' lang='lat' dir='ltr'><strong>ohanne,</strong></span> <span class='ocrx_word' id='word_1_12' title='bbox 1055 1090 1197 1177; x_wconf 88' lang='lat' dir='ltr'><strong>recipere</strong></span> <span class='ocrx_word' id='word_1_13' title='bbox 1218 1089 1356 1177; x_wconf 88' lang='lat' dir='ltr'><strong>possint,</strong></span> <span class='ocrx_word' id='word_1_14' title='bbox 1371 1103 1437 1155; x_wconf 68' lang='lat' dir='ltr'><strong>Ab.</strong></span> <span class='ocrx_word' id='word_1_15' title='bbox 1451 1108 1522 1154; x_wconf 77' lang='lat' dir='ltr'><strong>mes.</strong></span> 
     </span>
     <span class='ocr_line' id='line_1_3' title="bbox 312 1192 1357 1280; baseline 0 -23"><span class='ocrx_word' id='word_1_16' title='bbox 312 1199 330 1226; x_wconf 89' lang='lat'><strong>“</strong></span> <span class='ocrx_word' id='word_1_17' title='bbox 353 1197 387 1257; x_wconf 93' lang='lat' dir='ltr'><strong>et</strong></span> <span class='ocrx_word' id='word_1_18' title='bbox 413 1197 523 1258; x_wconf 87' lang='lat' dir='ltr'><strong>tenere</strong></span> <span class='ocrx_word' id='word_1_19' title='bbox 546 1193 609 1258; x_wconf 92' lang='lat' dir='ltr'><strong>sibi</strong></span> <span class='ocrx_word' id='word_1_20' title='bbox 639 1199 673 1259; x_wconf 90' lang='lat' dir='ltr'><strong>et</strong></span> <span class='ocrx_word' id='word_1_21' title='bbox 703 1193 939 1259; x_wconf 82' lang='lat' dir='ltr'><strong>successoribus</strong></span> <span class='ocrx_word' id='word_1_22' title='bbox 968 1193 1035 1258; x_wconf 86' lang='lat' dir='ltr'><strong>suis</strong></span> <span class='ocrx_word' id='word_1_23' title='bbox 1064 1192 1124 1258; x_wconf 88' lang='lat' dir='ltr'><strong>1in</strong></span> <span class='ocrx_word' id='word_1_24' title='bbox 1154 1199 1357 1280; x_wconf 86' lang='lat' dir='ltr'><strong>perpetuum,</strong></span> 
     </span>
     <span class='ocr_line' id='line_1_4' title="bbox 313 1294 1357 1383; baseline 0.002 -25"><span class='ocrx_word' id='word_1_25' title='bbox 313 1294 506 1360; x_wconf 86' lang='lat' dir='ltr'><strong>“similiter</strong></span> <span class='ocrx_word' id='word_1_26' title='bbox 542 1295 709 1361; x_wconf 70' lang='lat' dir='ltr'><strong>licentiam</strong></span> <span class='ocrx_word' id='word_1_27' title='bbox 740 1295 869 1361; x_wconf 77' lang='lat' dir='ltr'>dederit</span> <span class='ocrx_word' id='word_1_28' title='bbox 905 1295 1096 1383; x_wconf 67' lang='lat' dir='ltr'><strong>specialem</strong></span> <span class='ocrx_word' id='word_1_29' title='bbox 1126 1296 1240 1361; x_wconf 89' lang='lat' dir='ltr'><strong>nolens</strong></span> <span class='ocrx_word' id='word_1_30' title='bbox 1269 1295 1357 1382; x_wconf 93' lang='lat' dir='ltr'><strong>quod</strong></span> 
     </span>
     <span class='ocr_line' id='line_1_5' title="bbox 312 1397 1357 1485; baseline 0.001 -23"><span class='ocrx_word' id='word_1_31' title='bbox 312 1403 331 1430; x_wconf 90' lang='lat'><strong>“</strong></span> <span class='ocrx_word' id='word_1_32' title='bbox 353 1417 420 1475; x_wconf 88' lang='lat' dir='ltr'><strong>nos,</strong></span> <span class='ocrx_word' id='word_1_33' title='bbox 453 1397 603 1484; x_wconf 84' lang='lat' dir='ltr'><strong>praedicti</strong></span> <span class='ocrx_word' id='word_1_34' title='bbox 632 1397 826 1485; x_wconf 85' lang='lat' dir='ltr'><strong>Radulphus</strong></span> <span class='ocrx_word' id='word_1_35' title='bbox 856 1404 891 1464; x_wconf 87' lang='lat' dir='ltr'><strong>ct</strong></span> <span class='ocrx_word' id='word_1_36' title='bbox 920 1397 1098 1478; x_wconf 86' lang='lat' dir='ltr'><strong>Johannes,</strong></span> <span class='ocrx_word' id='word_1_37' title='bbox 1124 1403 1183 1463; x_wconf 92' lang='lat' dir='ltr'><strong>aut</strong></span> <span class='ocrx_word' id='word_1_38' title='bbox 1212 1397 1357 1465; x_wconf 83' lang='lat' dir='ltr'><strong>haeredes</strong></span> 
     </span>
     <span class='ocr_line' id='line_1_6' title="bbox 312 1498 1357 1586; baseline 0.003 -23"><span class='ocrx_word' id='word_1_39' title='bbox 312 1505 330 1532; x_wconf 91' lang='lat'>“</span> <span class='ocrx_word' id='word_1_40' title='bbox 353 1501 466 1580; x_wconf 86' lang='lat' dir='ltr'><strong>nostri,</strong></span> <span class='ocrx_word' id='word_1_41' title='bbox 496 1507 555 1566; x_wconf 92' lang='lat' dir='ltr'><strong>aut</strong></span> <span class='ocrx_word' id='word_1_42' title='bbox 584 1501 733 1586; x_wconf 87' lang='lat' dir='ltr'><strong>praedicti</strong></span> <span class='ocrx_word' id='word_1_43' title='bbox 761 1500 874 1566; x_wconf 85' lang='lat' dir='ltr'><strong>Abbas</strong></span> <span class='ocrx_word' id='word_1_44' title='bbox 903 1505 939 1567; x_wconf 91' lang='lat' dir='ltr'><strong>et</strong></span> <span class='ocrx_word' id='word_1_45' title='bbox 969 1498 1169 1578; x_wconf 76' lang='lat' dir='ltr'>Conventus,</span> <span class='ocrx_word' id='word_1_46' title='bbox 1200 1521 1256 1566; x_wconf 88' lang='lat' dir='ltr'><strong>sou</strong></span> <span class='ocrx_word' id='word_1_47' title='bbox 1285 1521 1357 1566; x_wconf 89' lang='lat' dir='ltr'><strong>suc·</strong></span> 
     </span>
     <span class='ocr_line' id='line_1_7' title="bbox 312 1601 1356 1692; baseline 0 -26"><span class='ocrx_word' id='word_1_48' title='bbox 312 1606 330 1634; x_wconf 85' lang='lat'>“</span> <span class='ocrx_word' id='word_1_49' title='bbox 353 1621 492 1668; x_wconf 85' lang='lat' dir='ltr'><strong>cessores</strong></span> <span class='ocrx_word' id='word_1_50' title='bbox 518 1603 578 1680; x_wconf 89' lang='lat' dir='ltr'><strong>sui,</strong></span> <span class='ocrx_word' id='word_1_51' title='bbox 593 1603 720 1668; x_wconf 86' lang='lat' dir='ltr'><strong>ratione</strong></span> <span class='ocrx_word' id='word_1_52' title='bbox 742 1601 992 1692; x_wconf 83' lang='lat' dir='ltr'><strong>praemissorum,</strong></span> <span class='ocrx_word' id='word_1_53' title='bbox 1012 1623 1070 1691; x_wconf 89' lang='lat' dir='ltr'><strong>per</strong></span> <span class='ocrx_word' id='word_1_54' title='bbox 1094 1603 1217 1668; x_wconf 88' lang='lat' dir='ltr'><strong>dictum</strong></span> <span class='ocrx_word' id='word_1_55' title='bbox 1242 1603 1356 1668; x_wconf 92' lang='lat' dir='ltr'><strong>Domi-</strong></span> 
     </span>
     <span class='ocr_line' id='line_1_8' title="bbox 312 1705 1356 1792; baseline 0.004 -26"><span class='ocrx_word' id='word_1_56' title='bbox 312 1711 331 1736; x_wconf 88' lang='lat'>“</span> <span class='ocrx_word' id='word_1_57' title='bbox 353 1724 433 1769; x_wconf 91' lang='lat' dir='ltr'><strong>num</strong></span> <span class='ocrx_word' id='word_1_58' title='bbox 463 1705 594 1792; x_wconf 87' lang='lat' dir='ltr'><strong>Regem,</strong></span> <span class='ocrx_word' id='word_1_59' title='bbox 617 1705 671 1771; x_wconf 89' lang='lat' dir='ltr'><strong>vel</strong></span> <span class='ocrx_word' id='word_1_60' title='bbox 700 1705 844 1772; x_wconf 86' lang='lat' dir='ltr'><strong>haeredes</strong></span> <span class='ocrx_word' id='word_1_61' title='bbox 867 1726 951 1782; x_wconf 86' lang='lat' dir='ltr'><strong>suos,</strong></span> <span class='ocrx_word' id='word_1_62' title='bbox 976 1706 1192 1782; x_wconf 67' lang='lat' dir='ltr'><strong>molestamur,</strong></span> <span class='ocrx_word' id='word_1_63' title='bbox 1218 1705 1356 1792; x_wconf 76' lang='lat' dir='ltr'><strong>impeta</strong></span> 
     </span>
     <span class='ocr_line' id='line_1_9' title="bbox 312 1803 1358 1894; baseline 0.003 -25"><span class='ocrx_word' id='word_1_64' title='bbox 312 1811 331 1838; x_wconf 91' lang='lat'><em>“</em></span> <span class='ocrx_word' id='word_1_65' title='bbox 353 1826 434 1884; x_wconf 90' lang='lat' dir='ltr'><strong>mur,</strong></span> <span class='ocrx_word' id='word_1_66' title='bbox 458 1807 679 1892; x_wconf 73' lang='lat' dir='ltr'><strong>inquietamur</strong></span> <span class='ocrx_word' id='word_1_67' title='bbox 703 1809 739 1871; x_wconf 92' lang='lat' dir='ltr'><strong>in</strong></span> <span class='ocrx_word' id='word_1_68' title='bbox 764 1807 882 1892; x_wconf 87' lang='lat' dir='ltr'><strong>aliquo,</strong></span> <span class='ocrx_word' id='word_1_69' title='bbox 907 1829 965 1872; x_wconf 89' lang='lat' dir='ltr'><strong>seu</strong></span> <span class='ocrx_word' id='word_1_70' title='bbox 990 1828 1175 1894; x_wconf 77' lang='lat' dir='ltr'><strong>gravemur,</strong></span> <span class='ocrx_word' id='word_1_71' title='bbox 1199 1803 1358 1873; x_wconf 71' lang='lat' dir='ltr'><strong>²Statuto</strong></span> 
     </span>
     <span class='ocr_line' id='line_1_10' title="bbox 313 1906 1358 1976; baseline 0.004 -6"><span class='ocrx_word' id='word_1_72' title='bbox 313 1913 331 1940; x_wconf 91' lang='lat'><em>“</em></span> <span class='ocrx_word' id='word_1_73' title='bbox 354 1906 395 1972; x_wconf 90' lang='lat' dir='ltr'><strong>de</strong></span> <span class='ocrx_word' id='word_1_74' title='bbox 425 1909 521 1974; x_wconf 88' lang='lat' dir='ltr'><strong>terris</strong></span> <span class='ocrx_word' id='word_1_75' title='bbox 550 1914 585 1976; x_wconf 90' lang='lat' dir='ltr'><strong>et</strong></span> <span class='ocrx_word' id='word_1_76' title='bbox 614 1910 811 1976; x_wconf 73' lang='lat' dir='ltr'><strong>tenementis</strong></span> <span class='ocrx_word' id='word_1_77' title='bbox 844 1909 887 1976; x_wconf 91' lang='lat' dir='ltr'><strong>ad</strong></span> <span class='ocrx_word' id='word_1_78' title='bbox 916 1931 1051 1974; x_wconf 87' lang='lat' dir='ltr'><strong>manum</strong></span> <span class='ocrx_word' id='word_1_79' title='bbox 1088 1914 1253 1974; x_wconf 86' lang='lat' dir='ltr'><strong>mortuam</strong></span> <span class='ocrx_word' id='word_1_80' title='bbox 1290 1931 1358 1975; x_wconf 94' lang='lat' dir='ltr'><strong>non</strong></span> 
     </span>
     <span class='ocr_line' id='line_1_11' title="bbox 312 2010 1358 2098; baseline 0 -23"><span class='ocrx_word' id='word_1_81' title='bbox 312 2010 513 2096; x_wconf 89' lang='lat' dir='ltr'><strong>“ponendis</strong></span> <span class='ocrx_word' id='word_1_82' title='bbox 537 2011 625 2078; x_wconf 88' lang='lat' dir='ltr'><strong>edito</strong></span> <span class='ocrx_word' id='word_1_83' title='bbox 657 2035 724 2078; x_wconf 94' lang='lat' dir='ltr'><strong>non</strong></span> <span class='ocrx_word' id='word_1_84' title='bbox 754 2012 930 2092; x_wconf 89' lang='lat' dir='ltr'><strong>obstante;</strong></span> <span class='ocrx_word' id='word_1_85' title='bbox 966 2011 1045 2076; x_wconf 89' lang='lat' dir='ltr'><strong>dum</strong></span> <span class='ocrx_word' id='word_1_86' title='bbox 1075 2017 1187 2076; x_wconf 89' lang='lat' dir='ltr'><strong>tamen</strong></span> <span class='ocrx_word' id='word_1_87' title='bbox 1217 2034 1274 2098; x_wconf 86' lang='lat' dir='ltr'><strong>per</strong></span> <span class='ocrx_word' id='word_1_88' title='bbox 1301 2011 1358 2076; x_wconf 93' lang='lat' dir='ltr'><strong>In-</strong></span> 
     </span>
     <span class='ocr_line' id='line_1_12' title="bbox 312 2111 1359 2201; baseline 0.004 -26"><span class='ocrx_word' id='word_1_89' title='bbox 312 2117 330 2145; x_wconf 90' lang='lat'><strong><em>“</em></strong></span> <span class='ocrx_word' id='word_1_90' title='bbox 353 2111 546 2196; x_wconf 89' lang='lat' dir='ltr'><strong>quisitiones</strong></span> <span class='ocrx_word' id='word_1_91' title='bbox 583 2113 661 2180; x_wconf 88' lang='lat' dir='ltr'><strong>inde</strong></span> <span class='ocrx_word' id='word_1_92' title='bbox 691 2113 801 2179; x_wconf 89' lang='lat' dir='ltr'><strong>debite</strong></span> <span class='ocrx_word' id='word_1_93' title='bbox 839 2113 1022 2201; x_wconf 86' lang='lat' dir='ltr'><strong>capiendas,</strong></span> <span class='ocrx_word' id='word_1_94' title='bbox 1053 2119 1086 2179; x_wconf 89' lang='lat' dir='ltr'><strong>et</strong></span> <span class='ocrx_word' id='word_1_95' title='bbox 1125 2115 1161 2178; x_wconf 94' lang='lat' dir='ltr'><strong>in</strong></span> <span class='ocrx_word' id='word_1_96' title='bbox 1193 2113 1359 2181; x_wconf 73' lang='lat' dir='ltr'><strong>(lancella-</strong></span> 
     </span>
     <span class='ocr_line' id='line_1_13' title="bbox 312 2214 1359 2302; baseline 0.004 -24"><span class='ocrx_word' id='word_1_97' title='bbox 312 2221 330 2248; x_wconf 87' lang='lat'><strong>“</strong></span> <span class='ocrx_word' id='word_1_98' title='bbox 353 2214 435 2279; x_wconf 87' lang='lat' dir='ltr'><strong>riam</strong></span> <span class='ocrx_word' id='word_1_99' title='bbox 466 2215 548 2280; x_wconf 90' lang='lat' dir='ltr'><strong>dicti</strong></span> <span class='ocrx_word' id='word_1_100' title='bbox 571 2214 708 2281; x_wconf 89' lang='lat' dir='ltr'><strong>Domini</strong></span> <span class='ocrx_word' id='word_1_101' title='bbox 731 2216 838 2302; x_wconf 86' lang='lat' dir='ltr'><strong>Regis,</strong></span> <span class='ocrx_word' id='word_1_102' title='bbox 862 2215 915 2281; x_wconf 91' lang='lat' dir='ltr'><strong>vel</strong></span> <span class='ocrx_word' id='word_1_103' title='bbox 940 2216 1107 2282; x_wconf 85' lang='lat' dir='ltr'><strong>haeredum</strong></span> <span class='ocrx_word' id='word_1_104' title='bbox 1129 2239 1272 2296; x_wconf 91' lang='lat' dir='ltr'><strong>suorum,</strong></span> <span class='ocrx_word' id='word_1_105' title='bbox 1294 2217 1359 2282; x_wconf 84' lang='lat' dir='ltr'><strong>rite</strong></span> 
     </span>
     <span class='ocr_line' id='line_1_14' title="bbox 311 2317 1361 2406; baseline 0.002 -25"><span class='ocrx_word' id='word_1_106' title='bbox 311 2321 330 2350; x_wconf 91' lang='lat'><strong>“</strong></span> <span class='ocrx_word' id='word_1_107' title='bbox 352 2318 575 2395; x_wconf 71' lang='lat' dir='ltr'><strong>ratmundus,</strong></span> <span class='ocrx_word' id='word_1_108' title='bbox 607 2324 809 2406; x_wconf 90' lang='lat' dir='ltr'><strong>compertum</strong></span> <span class='ocrx_word' id='word_1_109' title='bbox 839 2317 941 2384; x_wconf 87' lang='lat' dir='ltr'><strong>fuerit</strong></span> <span class='ocrx_word' id='word_1_110' title='bbox 971 2318 1059 2405; x_wconf 91' lang='lat' dir='ltr'><strong>quod</strong></span> <span class='ocrx_word' id='word_1_111' title='bbox 1088 2318 1124 2383; x_wconf 92' lang='lat' dir='ltr'><strong>id</strong></span> <span class='ocrx_word' id='word_1_112' title='bbox 1154 2318 1225 2385; x_wconf 88' lang='lat' dir='ltr'><strong>fieri</strong></span> <span class='ocrx_word' id='word_1_113' title='bbox 1257 2318 1361 2406; x_wconf 89' lang='lat' dir='ltr'><strong>possit</strong></span> 
     </span>
     <span class='ocr_line' id='line_1_15' title="bbox 311 2417 1360 2509; baseline 0.002 -26"><span class='ocrx_word' id='word_1_114' title='bbox 311 2427 329 2453; x_wconf 92' lang='lat'>“</span> <span class='ocrx_word' id='word_1_115' title='bbox 352 2420 474 2506; x_wconf 88' lang='lat' dir='ltr'><strong>absquo</strong></span> <span class='ocrx_word' id='word_1_116' title='bbox 497 2417 640 2488; x_wconf 76' lang='lat' dir='ltr'><strong>³damn0</strong></span> <span class='ocrx_word' id='word_1_117' title='bbox 658 2442 716 2486; x_wconf 86' lang='lat' dir='ltr'><strong>seu</strong></span> <span class='ocrx_word' id='word_1_118' title='bbox 730 2421 921 2509; x_wconf 82' lang='lat' dir='ltr'><strong>praejudioio</strong></span> <span class='ocrx_word' id='word_1_119' title='bbox 936 2421 1079 2506; x_wconf 89' lang='lat' dir='ltr'><strong>ejusdem</strong></span> <span class='ocrx_word' id='word_1_120' title='bbox 1097 2420 1234 2486; x_wconf 90' lang='lat' dir='ltr'><strong>Domini</strong></span> <span class='ocrx_word' id='word_1_121' title='bbox 1252 2422 1360 2508; x_wconf 88' lang='lat' dir='ltr'><strong>Regis,</strong></span> 
     </span>
     <span class='ocr_line' id='line_1_16' title="bbox 312 2521 1358 2609; baseline 0.004 -23"><span class='ocrx_word' id='word_1_122' title='bbox 312 2521 407 2587; x_wconf 89' lang='lat' dir='ltr'><strong>“vel</strong></span> <span class='ocrx_word' id='word_1_123' title='bbox 436 2523 604 2589; x_wconf 89' lang='lat' dir='ltr'><strong>haeredum</strong></span> <span class='ocrx_word' id='word_1_124' title='bbox 634 2545 776 2601; x_wconf 90' lang='lat' dir='ltr'><strong>suorum,</strong></span> <span class='ocrx_word' id='word_1_125' title='bbox 814 2528 874 2588; x_wconf 89' lang='lat' dir='ltr'><strong>ant</strong></span> <span class='ocrx_word' id='word_1_126' title='bbox 910 2523 1050 2590; x_wconf 88' lang='lat' dir='ltr'><strong>aliorum</strong></span> <span class='ocrx_word' id='word_1_127' title='bbox 1083 2545 1358 2609; x_wconf 91' lang='lat' dir='ltr'><strong>quorumcunque.</strong></span> 
     </span>
     <span class='ocr_line' id='line_1_17' title="bbox 312 2621 1360 2712; baseline 0.005 -26"><span class='ocrx_word' id='word_1_128' title='bbox 312 2629 330 2656; x_wconf 92' lang='lat'><em>“</em></span> <span class='ocrx_word' id='word_1_129' title='bbox 352 2621 466 2690; x_wconf 91' lang='lat' dir='ltr'><strong>Voluit</strong></span> <span class='ocrx_word' id='word_1_130' title='bbox 488 2626 589 2691; x_wconf 90' lang='lat' dir='ltr'><strong>etiam</strong></span> <span class='ocrx_word' id='word_1_131' title='bbox 614 2625 701 2692; x_wconf 88' lang='lat' dir='ltr'><strong>idem</strong></span> <span class='ocrx_word' id='word_1_132' title='bbox 733 2625 896 2691; x_wconf 83' lang='lat' dir='ltr'><strong>Dominus</strong></span> <span class='ocrx_word' id='word_1_133' title='bbox 918 2625 1000 2702; x_wconf 86' lang='lat' dir='ltr'><strong>Rex,</strong></span> <span class='ocrx_word' id='word_1_134' title='bbox 1024 2647 1083 2712; x_wconf 88' lang='lat' dir='ltr'><strong>per</strong></span> <span class='ocrx_word' id='word_1_135' title='bbox 1107 2624 1187 2690; x_wconf 89' lang='lat' dir='ltr'><strong>alias</strong></span> <span class='ocrx_word' id='word_1_136' title='bbox 1215 2626 1360 2691; x_wconf 78' lang='lat' dir='ltr'><strong>litteras</strong></span> 
     </span>
     <span class='ocr_line' id='line_1_18' title="bbox 312 2725 1361 2814; baseline 0.002 -24"><span class='ocrx_word' id='word_1_137' title='bbox 312 2731 329 2758; x_wconf 92' lang='lat'><em>“</em></span> <span class='ocrx_word' id='word_1_138' title='bbox 353 2747 427 2792; x_wconf 89' lang='lat' dir='ltr'><strong>suas</strong></span> <span class='ocrx_word' id='word_1_139' title='bbox 451 2725 617 2806; x_wconf 80' lang='lat' dir='ltr'><strong>Potentes,</strong></span> <span class='ocrx_word' id='word_1_140' title='bbox 641 2749 779 2814; x_wconf 83' lang='lat' dir='ltr'><strong>quarum</strong></span> <span class='ocrx_word' id='word_1_141' title='bbox 805 2727 885 2793; x_wconf 87' lang='lat' dir='ltr'><strong>data</strong></span> <span class='ocrx_word' id='word_1_142' title='bbox 905 2725 979 2792; x_wconf 79' lang='lat' dir='ltr'><strong>⁴est</strong></span> <span class='ocrx_word' id='word_1_143' title='bbox 993 2727 1082 2814; x_wconf 93' lang='lat' dir='ltr'><strong>apud</strong></span> <span class='ocrx_word' id='word_1_144' title='bbox 1105 2727 1361 2795; x_wconf 87' lang='lat' dir='ltr'><strong>Wcstmonaste·</strong></span> 
     </span>
     <span class='ocr_line' id='line_1_19' title="bbox 311 2828 1359 2916; baseline 0.002 -23"><span class='ocrx_word' id='word_1_145' title='bbox 311 2835 330 2862; x_wconf 90' lang='lat'><strong><em>“</em></strong></span> <span class='ocrx_word' id='word_1_146' title='bbox 353 2829 439 2894; x_wconf 88' lang='lat' dir='ltr'><strong>rium</strong></span> <span class='ocrx_word' id='word_1_147' title='bbox 460 2829 716 2916; x_wconf 78' lang='lat' dir='ltr'><strong>quintodecimo</strong></span> <span class='ocrx_word' id='word_1_148' title='bbox 738 2830 790 2895; x_wconf 89' lang='lat' dir='ltr'><strong>die</strong></span> <span class='ocrx_word' id='word_1_149' title='bbox 806 2829 896 2908; x_wconf 86' lang='lat' dir='ltr'><strong>Maii,</strong></span> <span class='ocrx_word' id='word_1_150' title='bbox 910 2851 998 2894; x_wconf 88' lang='lat' dir='ltr'><strong>anno</strong></span> <span class='ocrx_word' id='word_1_151' title='bbox 1014 2831 1108 2916; x_wconf 89' lang='lat' dir='ltr'><strong>regni</strong></span> <span class='ocrx_word' id='word_1_152' title='bbox 1122 2828 1203 2895; x_wconf 92' lang='lat' dir='ltr'><strong>dicti</strong></span> <span class='ocrx_word' id='word_1_153' title='bbox 1223 2829 1359 2895; x_wconf 92' lang='lat' dir='ltr'><strong>Domini</strong></span> 
     </span>
     <span class='ocr_line' id='line_1_20' title="bbox 311 2929 1359 3019; baseline 0.002 -24"><span class='ocrx_word' id='word_1_154' title='bbox 311 2936 331 2964; x_wconf 88' lang='lat'><strong>“</strong></span> <span class='ocrx_word' id='word_1_155' title='bbox 353 2930 451 3018; x_wconf 87' lang='lat' dir='ltr'><strong>Regis</strong></span> <span class='ocrx_word' id='word_1_156' title='bbox 473 2933 670 3019; x_wconf 85' lang='lat' dir='ltr'><strong>supradicto,</strong></span> <span class='ocrx_word' id='word_1_157' title='bbox 693 2931 932 2998; x_wconf 84' lang='lat' dir='ltr'><strong>concessionem</strong></span> <span class='ocrx_word' id='word_1_158' title='bbox 956 2953 1050 2996; x_wconf 88' lang='lat' dir='ltr'><strong>suam</strong></span> <span class='ocrx_word' id='word_1_159' title='bbox 1076 2931 1267 3018; x_wconf 88' lang='lat' dir='ltr'><strong>praedictam</strong></span> <span class='ocrx_word' id='word_1_160' title='bbox 1291 2929 1359 2997; x_wconf 75' lang='lat' dir='ltr'><strong>“ef-</strong></span> 
     </span>
     <span class='ocr_line' id='line_1_21' title="bbox 310 3032 1359 3122; baseline 0.001 -25"><span class='ocrx_word' id='word_1_161' title='bbox 310 3040 330 3066; x_wconf 90' lang='lat'>“</span> <span class='ocrx_word' id='word_1_162' title='bbox 352 3033 453 3098; x_wconf 86' lang='lat' dir='ltr'><strong>iectui</strong></span> <span class='ocrx_word' id='word_1_163' title='bbox 479 3034 592 3099; x_wconf 91' lang='lat' dir='ltr'><strong>debito</strong></span> <span class='ocrx_word' id='word_1_164' title='bbox 616 3035 807 3122; x_wconf 85' lang='lat' dir='ltr'><strong>mancipari,</strong></span> <span class='ocrx_word' id='word_1_165' title='bbox 831 3033 997 3113; x_wconf 88' lang='lat' dir='ltr'><strong>concessit,</strong></span> <span class='ocrx_word' id='word_1_166' title='bbox 1013 3039 1047 3099; x_wconf 90' lang='lat' dir='ltr'><strong>et</strong></span> <span class='ocrx_word' id='word_1_167' title='bbox 1069 3032 1237 3098; x_wconf 89' lang='lat' dir='ltr'><strong>licentiam</strong></span> <span class='ocrx_word' id='word_1_168' title='bbox 1260 3033 1359 3110; x_wconf 89' lang='lat' dir='ltr'><strong>dedit,</strong></span> 
     </span>
     <span class='ocr_line' id='line_1_22' title="bbox 310 3135 1359 3223; baseline 0.002 -24"><span class='ocrx_word' id='word_1_169' title='bbox 310 3143 330 3169; x_wconf 90' lang='lat'><strong>“</strong></span> <span class='ocrx_word' id='word_1_170' title='bbox 352 3157 410 3222; x_wconf 90' lang='lat' dir='ltr'><strong>pro</strong></span> <span class='ocrx_word' id='word_1_171' title='bbox 432 3157 466 3202; x_wconf 92' lang='lat' dir='ltr'><strong>se</strong></span> <span class='ocrx_word' id='word_1_172' title='bbox 490 3141 526 3202; x_wconf 90' lang='lat' dir='ltr'><strong>et</strong></span> <span class='ocrx_word' id='word_1_173' title='bbox 548 3136 732 3202; x_wconf 73' lang='lat' dir='ltr'><strong>haeredibus</strong></span> <span class='ocrx_word' id='word_1_174' title='bbox 758 3136 825 3202; x_wconf 89' lang='lat' dir='ltr'><strong>suis</strong></span> <span class='ocrx_word' id='word_1_175' title='bbox 851 3135 1026 3223; x_wconf 76' lang='lat' dir='ltr'><strong>praedictis,</strong></span> <span class='ocrx_word' id='word_1_176' title='bbox 1053 3138 1214 3221; x_wconf 85' lang='lat' dir='ltr'><strong>quantum</strong></span> <span class='ocrx_word' id='word_1_177' title='bbox 1238 3135 1359 3223; x_wconf 90' lang='lat' dir='ltr'><strong>inipso</strong></span> 
     </span>
     <span class='ocr_line' id='line_1_23' title="bbox 311 3237 1360 3327; baseline 0.001 -25"><span class='ocrx_word' id='word_1_178' title='bbox 311 3245 329 3272; x_wconf 90' lang='lat'>“</span> <span class='ocrx_word' id='word_1_179' title='bbox 351 3238 424 3319; x_wconf 80' lang='lat' dir='ltr'><strong>fuit,</strong></span> <span class='ocrx_word' id='word_1_180' title='bbox 451 3239 555 3318; x_wconf 88' lang='lat' dir='ltr'><strong>nobis,</strong></span> <span class='ocrx_word' id='word_1_181' title='bbox 580 3240 726 3327; x_wconf 78' lang='lat' dir='ltr'><strong>praefatis</strong></span> <span class='ocrx_word' id='word_1_182' title='bbox 751 3238 927 3326; x_wconf 78' lang='lat' dir='ltr'><strong>Radulpho</strong></span> <span class='ocrx_word' id='word_1_183' title='bbox 951 3241 986 3302; x_wconf 86' lang='lat' dir='ltr'><strong>et</strong></span> <span class='ocrx_word' id='word_1_184' title='bbox 1012 3237 1169 3316; x_wconf 85' lang='lat' dir='ltr'><strong>Johanni,</strong></span> <span class='ocrx_word' id='word_1_185' title='bbox 1190 3239 1277 3326; x_wconf 88' lang='lat' dir='ltr'><strong>quod</strong></span> <span class='ocrx_word' id='word_1_186' title='bbox 1299 3260 1360 3303; x_wconf 92' lang='lat' dir='ltr'><strong>nos</strong></span> 
     </span>
     <span class='ocr_line' id='line_1_24' title="bbox 310 3341 1359 3428; baseline -0.001 -21"><span class='ocrx_word' id='word_1_187' title='bbox 310 3347 329 3376; x_wconf 88' lang='lat'>“</span> <span class='ocrx_word' id='word_1_188' title='bbox 352 3341 546 3427; x_wconf 73' lang='lat' dir='ltr'><strong>predictum</strong></span> <span class='ocrx_word' id='word_1_189' title='bbox 577 3342 786 3428; x_wconf 87' lang='lat' dir='ltr'><strong>mesuagium,</strong></span> <span class='ocrx_word' id='word_1_190' title='bbox 817 3341 887 3406; x_wconf 88' lang='lat' dir='ltr'><strong>sive</strong></span> <span class='ocrx_word' id='word_1_191' title='bbox 916 3343 1151 3422; x_wconf 86' lang='lat' dir='ltr'><strong>tenementum,</strong></span> <span class='ocrx_word' id='word_1_192' title='bbox 1181 3363 1256 3408; x_wconf 90' lang='lat' dir='ltr'><strong>cum</strong></span> <span class='ocrx_word' id='word_1_193' title='bbox 1281 3341 1359 3407; x_wconf 89' lang='lat' dir='ltr'><strong>kaio</strong></span> 
     </span>
     <span class='ocr_line' id='line_1_25' title="bbox 311 3443 1360 3530; baseline 0 -22"><span class='ocrx_word' id='word_1_194' title='bbox 311 3449 329 3478; x_wconf 77' lang='lat'><strong>‘⁴</strong></span> <span class='ocrx_word' id='word_1_195' title='bbox 350 3443 529 3530; x_wconf 84' lang='lat' dir='ltr'><strong>adjacente,</strong></span> <span class='ocrx_word' id='word_1_196' title='bbox 545 3445 643 3510; x_wconf 91' lang='lat' dir='ltr'><strong>simul</strong></span> <span class='ocrx_word' id='word_1_197' title='bbox 665 3465 739 3510; x_wconf 91' lang='lat' dir='ltr'><strong>cum</strong></span> <span class='ocrx_word' id='word_1_198' title='bbox 763 3443 918 3509; x_wconf 91' lang='lat' dir='ltr'><strong>omnibus</strong></span> <span class='ocrx_word' id='word_1_199' title='bbox 944 3443 1156 3525; x_wconf 86' lang='lat' dir='ltr'><strong>aisiamentis,</strong></span> <span class='ocrx_word' id='word_1_200' title='bbox 1179 3448 1214 3510; x_wconf 91' lang='lat' dir='ltr'><strong>et</strong></span> <span class='ocrx_word' id='word_1_201' title='bbox 1236 3446 1360 3512; x_wconf 84' lang='lat' dir='ltr'><strong>caeteris</strong></span> 
     </span>
     <span class='ocr_line' id='line_1_26' title="bbox 311 3543 1360 3633; baseline 0.002 -23"><span class='ocrx_word' id='word_1_202' title='bbox 311 3551 330 3578; x_wconf 79' lang='lat'><strong>‘¹</strong></span> <span class='ocrx_word' id='word_1_203' title='bbox 351 3546 418 3610; x_wconf 85' lang='lat' dir='ltr'><strong>auis</strong></span> <span class='ocrx_word' id='word_1_204' title='bbox 444 3546 653 3632; x_wconf 87' lang='lat' dir='ltr'><strong>pertinentiis</strong></span> <span class='ocrx_word' id='word_1_205' title='bbox 683 3568 720 3611; x_wconf 89' lang='lat' dir='ltr'><strong>ac</strong></span> <span class='ocrx_word' id='word_1_206' title='bbox 744 3544 878 3631; x_wconf 89' lang='lat' dir='ltr'><strong>juribus</strong></span> <span class='ocrx_word' id='word_1_207' title='bbox 912 3543 1168 3632; x_wconf 80' lang='lat' dir='ltr'><strong>quibuscunque,</strong></span> <span class='ocrx_word' id='word_1_208' title='bbox 1194 3547 1360 3633; x_wconf 85' lang='lat' dir='ltr'><strong>praedictis</strong></span> 
     </span>
     <span class='ocr_line' id='line_1_27' title="bbox 311 3645 1359 3736; baseline 0.003 -25"><span class='ocrx_word' id='word_1_209' title='bbox 311 3653 329 3680; x_wconf 92' lang='lat'><strong>“</strong></span> <span class='ocrx_word' id='word_1_210' title='bbox 350 3648 525 3736; x_wconf 76' lang='lat' dir='ltr'><strong>mesuagio,</strong></span> <span class='ocrx_word' id='word_1_211' title='bbox 562 3651 632 3714; x_wconf 83' lang='lat' dir='ltr'><strong>sive</strong></span> <span class='ocrx_word' id='word_1_212' title='bbox 670 3652 869 3726; x_wconf 85' lang='lat' dir='ltr'><strong>tenemento,</strong></span> <span class='ocrx_word' id='word_1_213' title='bbox 907 3654 942 3712; x_wconf 87' lang='lat' dir='ltr'><strong>et</strong></span> <span class='ocrx_word' id='word_1_214' title='bbox 974 3645 1059 3728; x_wconf 83' lang='lat' dir='ltr'><strong>kaio,</strong></span> <span class='ocrx_word' id='word_1_215' title='bbox 1090 3648 1359 3735; x_wconf 80' lang='lat' dir='ltr'><strong>qualitercunque</strong></span> 
     </span>
     <span class='ocr_line' id='line_1_28' title="bbox 310 3748 1359 3839; baseline 0 -23"><span class='ocrx_word' id='word_1_216' title='bbox 310 3756 329 3784; x_wconf 89' lang='lat'>“</span> <span class='ocrx_word' id='word_1_217' title='bbox 350 3750 603 3836; x_wconf 83' lang='lat' dir='ltr'><strong>pertinentibus,</strong></span> <span class='ocrx_word' id='word_1_218' title='bbox 632 3773 705 3839; x_wconf 85' lang='lat' dir='ltr'><strong>qnae</strong></span> <span class='ocrx_word' id='word_1_219' title='bbox 739 3749 782 3815; x_wconf 85' lang='lat' dir='ltr'><strong>ad</strong></span> <span class='ocrx_word' id='word_1_220' title='bbox 812 3755 886 3816; x_wconf 92' lang='lat' dir='ltr'><strong>octo</strong></span> <span class='ocrx_word' id='word_1_221' title='bbox 916 3748 1017 3814; x_wconf 89' lang='lat' dir='ltr'><strong>libras</strong></span> <span class='ocrx_word' id='word_1_222' title='bbox 1047 3751 1273 3816; x_wconf 87' lang='lat' dir='ltr'><strong>extenduntur</strong></span> <span class='ocrx_word' id='word_1_223' title='bbox 1301 3773 1359 3838; x_wconf 88' lang='lat' dir='ltr'><strong>per</strong></span> 
     </span>
     <span class='ocr_line' id='line_1_29' title="bbox 310 3850 1359 3940; baseline 0.001 -24"><span class='ocrx_word' id='word_1_224' title='bbox 310 3858 329 3885; x_wconf 89' lang='lat'><strong>“</strong></span> <span class='ocrx_word' id='word_1_225' title='bbox 350 3873 484 3931; x_wconf 86' lang='lat' dir='ltr'><strong>annum,</strong></span> <span class='ocrx_word' id='word_1_226' title='bbox 509 3858 543 3919; x_wconf 90' lang='lat' dir='ltr'><strong>et</strong></span> <span class='ocrx_word' id='word_1_227' title='bbox 566 3875 640 3939; x_wconf 83' lang='lat' dir='ltr'><strong>quae</strong></span> <span class='ocrx_word' id='word_1_228' title='bbox 666 3855 825 3918; x_wconf 86' lang='lat' dir='ltr'><strong>tenantur</strong></span> <span class='ocrx_word' id='word_1_229' title='bbox 849 3850 890 3916; x_wconf 89' lang='lat' dir='ltr'><strong>de</strong></span> <span class='ocrx_word' id='word_1_230' title='bbox 914 3851 1004 3918; x_wconf 91' lang='lat' dir='ltr'><strong>dicto</strong></span> <span class='ocrx_word' id='word_1_231' title='bbox 1030 3851 1173 3918; x_wconf 91' lang='lat' dir='ltr'><strong>Domino</strong></span> <span class='ocrx_word' id='word_1_232' title='bbox 1203 3851 1293 3940; x_wconf 85' lang='lat' dir='ltr'><strong>Rege</strong></span> <span class='ocrx_word' id='word_1_233' title='bbox 1322 3853 1359 3918; x_wconf 89' lang='lat' dir='ltr'><strong>in</strong></span> 
     </span>
     <span class='ocr_line' id='line_1_30' title="bbox 309 3951 1357 4042; baseline 0.001 -25"><span class='ocrx_word' id='word_1_234' title='bbox 309 3952 489 4019; x_wconf 88' lang='lat' dir='ltr'><strong>“liberum</strong></span> <span class='ocrx_word' id='word_1_235' title='bbox 519 3954 724 4042; x_wconf 76' lang='lat' dir='ltr'><strong>burgagium,</strong></span> <span class='ocrx_word' id='word_1_236' title='bbox 750 3954 836 4019; x_wconf 86' lang='lat' dir='ltr'><strong>sicut</strong></span> <span class='ocrx_word' id='word_1_237' title='bbox 864 3955 938 4017; x_wconf 91' lang='lat' dir='ltr'><strong>tota</strong></span> <span class='ocrx_word' id='word_1_238' title='bbox 967 3951 1086 4018; x_wconf 86' lang='lat' dir='ltr'><strong>civitas</strong></span> <span class='ocrx_word' id='word_1_239' title='bbox 1116 3952 1357 4019; x_wconf 86' lang='lat' dir='ltr'><strong>Londoniarum</strong></span> 
     </span>
     <span class='ocr_line' id='line_1_31' title="bbox 310 4055 1358 4146; baseline -0.001 -25"><span class='ocrx_word' id='word_1_240' title='bbox 310 4060 328 4088; x_wconf 90' lang='lat'>“</span> <span class='ocrx_word' id='word_1_241' title='bbox 350 4060 492 4136; x_wconf 87' lang='lat' dir='ltr'><strong>tenetur,</strong></span> <span class='ocrx_word' id='word_1_242' title='bbox 522 4063 621 4146; x_wconf 88' lang='lat' dir='ltr'><strong>prout</strong></span> <span class='ocrx_word' id='word_1_243' title='bbox 658 4079 716 4144; x_wconf 88' lang='lat' dir='ltr'><strong>per</strong></span> <span class='ocrx_word' id='word_1_244' title='bbox 749 4055 925 4142; x_wconf 86' lang='lat' dir='ltr'><strong>quamdam</strong></span> <span class='ocrx_word' id='word_1_245' title='bbox 958 4055 1219 4142; x_wconf 88' lang='lat' dir='ltr'><strong>Inquisitionem‚</strong></span> <span class='ocrx_word' id='word_1_246' title='bbox 1251 4075 1358 4120; x_wconf 90' lang='lat' dir='ltr'><strong>coram</strong></span> 
     </span>
     <span class='ocr_line' id='line_1_32' title="bbox 310 4156 1356 4245; baseline -0.001 -22"><span class='ocrx_word' id='word_1_247' title='bbox 310 4164 328 4194; x_wconf 89' lang='lat'><strong>“</strong></span> <span class='ocrx_word' id='word_1_248' title='bbox 349 4156 514 4226; x_wconf 91' lang='lat' dir='ltr'><strong>Willelmo</strong></span> <span class='ocrx_word' id='word_1_249' title='bbox 531 4161 685 4239; x_wconf 83' lang='lat' dir='ltr'><strong>Marowc,</strong></span> <span class='ocrx_word' id='word_1_250' title='bbox 702 4158 826 4245; x_wconf 84' lang='lat' dir='ltr'><strong>Mcj0re</strong></span> <span class='ocrx_word' id='word_1_251' title='bbox 848 4157 945 4224; x_wconf 86' lang='lat' dir='ltr'><strong>dictae</strong></span> <span class='ocrx_word' id='word_1_252' title='bbox 965 4157 1111 4223; x_wconf 83' lang='lat' dir='ltr'><strong>civitatis</strong></span> <span class='ocrx_word' id='word_1_253' title='bbox 1126 4156 1207 4222; x_wconf 91' lang='lat' dir='ltr'><strong>dicti</strong></span> <span class='ocrx_word' id='word_1_254' title='bbox 1222 4157 1356 4223; x_wconf 90' lang='lat' dir='ltr'><strong>Domini</strong></span> 
     </span>
     <span class='ocr_line' id='line_1_33' title="bbox 307 4259 1357 4351; baseline -0.001 -26"><span class='ocrx_word' id='word_1_255' title='bbox 307 4271 328 4325; x_wconf 86' lang='lat'><strong>.“</strong></span> <span class='ocrx_word' id='word_1_256' title='bbox 351 4263 459 4351; x_wconf 85' lang='lat' dir='ltr'><strong>Regis,</strong></span> <span class='ocrx_word' id='word_1_257' title='bbox 484 4283 522 4327; x_wconf 87' lang='lat' dir='ltr'><strong>ac</strong></span> <span class='ocrx_word' id='word_1_258' title='bbox 548 4262 722 4328; x_wconf 86' lang='lat' dir='ltr'><strong>Escaetore</strong></span> <span class='ocrx_word' id='word_1_259' title='bbox 746 4281 805 4326; x_wconf 94' lang='lat' dir='ltr'><strong>suo</strong></span> <span class='ocrx_word' id='word_1_260' title='bbox 829 4261 866 4324; x_wconf 91' lang='lat' dir='ltr'><strong>iu</strong></span> <span class='ocrx_word' id='word_1_261' title='bbox 890 4259 1004 4325; x_wconf 88' lang='lat' dir='ltr'><strong>eadem</strong></span> <span class='ocrx_word' id='word_1_262' title='bbox 1030 4259 1174 4337; x_wconf 87' lang='lat' dir='ltr'><strong>civitate,</strong></span> <span class='ocrx_word' id='word_1_263' title='bbox 1199 4259 1240 4325; x_wconf 89' lang='lat' dir='ltr'><strong>de</strong></span> <span class='ocrx_word' id='word_1_264' title='bbox 1264 4281 1357 4324; x_wconf 88' lang='lat' dir='ltr'><strong>man-</strong></span> 
     </span>
     <span class='ocr_line' id='line_1_34' title="bbox 309 4361 1356 4452; baseline -0.004 -22"><span class='ocrx_word' id='word_1_265' title='bbox 309 4371 327 4399; x_wconf 90' lang='lat'>“</span> <span class='ocrx_word' id='word_1_266' title='bbox 350 4365 428 4432; x_wconf 89' lang='lat' dir='ltr'><strong>dato</strong></span> <span class='ocrx_word' id='word_1_267' title='bbox 443 4385 503 4430; x_wconf 90' lang='lat' dir='ltr'><strong>suo</strong></span> <span class='ocrx_word' id='word_1_268' title='bbox 518 4369 656 4452; x_wconf 88' lang='lat' dir='ltr'><strong>captam,</strong></span> <span class='ocrx_word' id='word_1_269' title='bbox 671 4364 755 4429; x_wconf 90' lang='lat' dir='ltr'><strong>etin</strong></span> <span class='ocrx_word' id='word_1_270' title='bbox 780 4361 1016 4428; x_wconf 80' lang='lat' dir='ltr'><strong>Cancellariam</strong></span> <span class='ocrx_word' id='word_1_271' title='bbox 1030 4383 1123 4426; x_wconf 85' lang='lat' dir='ltr'><strong>suam</strong></span> <span class='ocrx_word' id='word_1_272' title='bbox 1144 4366 1356 4441; x_wconf 87' lang='lat' dir='ltr'><strong>retornatam,</strong></span> 
     </span>
     <span class='ocr_line' id='line_1_35' title="bbox 309 4463 1355 4554; baseline -0.005 -20"><span class='ocrx_word' id='word_1_273' title='bbox 309 4475 327 4503; x_wconf 89' lang='lat'><strong>“</strong></span> <span class='ocrx_word' id='word_1_274' title='bbox 350 4474 401 4534; x_wconf 87' lang='lat' dir='ltr'><strong>est</strong></span> <span class='ocrx_word' id='word_1_275' title='bbox 423 4478 635 4554; x_wconf 88' lang='lat' dir='ltr'><strong>compertum,</strong></span> <span class='ocrx_word' id='word_1_276' title='bbox 659 4466 736 4531; x_wconf 86' lang='lat' dir='ltr'><strong>dare</strong></span> <span class='ocrx_word' id='word_1_277' title='bbox 761 4465 930 4552; x_wconf 82' lang='lat' dir='ltr'><strong>possimus,</strong></span> <span class='ocrx_word' id='word_1_278' title='bbox 953 4467 988 4528; x_wconf 86' lang='lat' dir='ltr'><strong>et</strong></span> <span class='ocrx_word' id='word_1_279' title='bbox 1013 4463 1195 4542; x_wconf 82' lang='lat' dir='ltr'><strong>concedere,</strong></span> <span class='ocrx_word' id='word_1_280' title='bbox 1211 4464 1355 4551; x_wconf 74' lang='lat' dir='ltr'><strong>praefatis</strong></span> 
     </span>
    </p>
   </div>
   <div class='ocr_carea' id='block_1_3' title="bbox 340 4659 1125 4888">
    <p class='ocr_par' dir='ltr' id='par_1_3' title="bbox 340 4659 1125 4888">
     <span class='ocr_line' id='line_1_36' title="bbox 341 4659 1071 4731; baseline -0.007 -14"><span class='ocrx_word' id='word_1_281' title='bbox 341 4663 636 4731; x_wconf 72' lang='lat' dir='ltr'><strong>¹imperpaeuumintrs.</strong></span> <span class='ocrx_word' id='word_1_282' title='bbox 889 4659 1071 4712; x_wconf 57' lang='grc' dir='ltr'><strong>1ειιιιῑίιιΜΒ»</strong></span> 
     </span>
     <span class='ocr_line' id='line_1_37' title="bbox 340 4738 1125 4805; baseline 0 -12"><span class='ocrx_word' id='word_1_283' title='bbox 340 4743 351 4777; x_wconf 83' lang='lat'><strong>¹</strong></span> <span class='ocrx_word' id='word_1_284' title='bbox 364 4743 472 4796; x_wconf 67' lang='lat' dir='ltr'><strong>sursus</strong></span> <span class='ocrx_word' id='word_1_285' title='bbox 483 4744 511 4794; x_wconf 89' lang='lat' dir='ltr'><strong>in</strong></span> <span class='ocrx_word' id='word_1_286' title='bbox 523 4743 581 4796; x_wconf 83' lang='lat' dir='ltr'><strong>Ms.</strong></span> <span class='ocrx_word' id='word_1_287' title='bbox 889 4739 899 4772; x_wconf 77' lang='lat'>⁶</span> <span class='ocrx_word' id='word_1_288' title='bbox 911 4738 1021 4805; x_wconf 59' lang='lat' dir='ltr'><strong>fficium</strong></span> <span class='ocrx_word' id='word_1_289' title='bbox 1030 4738 1057 4788; x_wconf 81' lang='lat' dir='ltr'><strong>in</strong></span> <span class='ocrx_word' id='word_1_290' title='bbox 1068 4738 1125 4790; x_wconf 80' lang='lat' dir='ltr'><strong>MS·</strong></span> 
     </span>
     <span class='ocr_line' id='line_1_38' title="bbox 340 4822 570 4888; baseline 0 -14"><span class='ocrx_word' id='word_1_291' title='bbox 340 4823 352 4858; x_wconf 83' lang='lat'>⁸</span> <span class='ocrx_word' id='word_1_292' title='bbox 362 4823 467 4888; x_wconf 78' lang='lat' dir='ltr'><strong>dampno</strong></span> <span class='ocrx_word' id='word_1_293' title='bbox 476 4825 503 4874; x_wconf 90' lang='lat' dir='ltr'><strong>in</strong></span> <span class='ocrx_word' id='word_1_294' title='bbox 514 4822 570 4874; x_wconf 81' lang='lat' dir='ltr'><strong>MS.</strong></span> 
     </span>
    </p>
   </div>
   <div class='ocr_carea' id='block_1_4' title="bbox 1201 4915 1224 4976">
    <p class='ocr_par' dir='ltr' id='par_1_4' title="bbox 1201 4915 1224 4976">
     <span class='ocr_line' id='line_1_39' title="bbox 1201 4915 1224 4976; baseline 0 0"><span class='ocrx_word' id='word_1_295' title='bbox 1201 4915 1224 4976; x_wconf 77' lang='lat' dir='ltr'>Q</span> 
     </span>
    </p>
   </div>
   <div class='ocr_carea' id='block_1_5' title="bbox 0 0 1838 5842">
    <p class='ocr_par' dir='ltr' id='par_1_5' title="bbox 0 0 1838 5842">
     <span class='ocr_line' id='line_1_40' title="bbox 0 0 1838 5842; baseline 0 0"><span class='ocrx_word' id='word_1_296' title='bbox 0 0 1838 5842; x_wconf 95' lang='lat' dir='ltr'><strong> </strong></span> 
     </span>
    </p>
   </div>
  </div>
 </body>
</html>
