3668 5842
496 909 562 978 292
834 921 1032 972 sucrsrsuu
1053 923 1211 972 inmun

328 1109 515 1164 A·D·1⁴⁶⁸·“
537 1109 646 1187 etiam,
669 1109 856 1196 utlagariae,
879 1111 907 1176 si
932 1133 1006 1197 quae
1029 1112 1066 1176 in
1092 1111 1179 1198 ipsos
1207 1110 1375 1177 Abbatem
1397 1114 1432 1175 et
1458 1109 1543 1175 Ocn-

496 1216 515 1246 “
538 1217 686 1290 ventum,
707 1213 771 1277 hiis
793 1213 1022 1291 occasionibus,
1037 1235 1096 1279 seu
1119 1213 1255 1280 ¹earum
1278 1214 1396 1300 aliqua,
1419 1211 1543 1278 fuerint

494 1319 512 1347 “
535 1312 759 1401 promulgatae,
790 1319 824 1380 et
860 1315 989 1380 firmam
1027 1337 1140 1403 pacem
1174 1313 1344 1381 'nostram
1382 1315 1430 1380 eis
1466 1313 1543 1379 inde

495 1415 749 1482 “concedimus
795 1415 851 1482 Ita
876 1421 997 1497 temen,
1021 1418 1109 1504 quod
1138 1422 1228 1484 stent
1257 1421 1347 1484 recto
1377 1417 1412 1482 in
1441 1413 1543 1482 Curia

495 1521 514 1552 “
535 1522 655 1598 nostra,
680 1518 709 1584 si
732 1517 807 1605 quis
828 1519 985 1585 adversus
1007 1519 1100 1606 loqui
1126 1518 1269 1586 voluerit
1290 1519 1332 1584 de
1358 1517 1543 1607 praemissis,

495 1623 512 1654 ‘¹
533 1620 586 1685 vel
610 1621 720 1708 aliquo
744 1621 993 1708 praemissorum.
1040 1623 1087 1688 Et
1109 1622 1256 1700 ulterius,
1280 1621 1543 1710 perdonavimus,

495 1730 513 1757 “
535 1723 729 1802 remisimus,
760 1728 794 1789 ct
824 1724 1057 1804 relaxavimus,
1088 1725 1210 1792 eisdem
1240 1724 1366 1791 Abbati
1396 1730 1432 1791 et
1456 1721 1541 1790 Ocn-

493 1826 650 1892 “ventui
687 1826 875 1893 omnimoda
910 1828 1038 1914 escapia
1070 1827 1215 1894 felonum
1253 1827 1470 1893 attinctorum
1507 1831 1543 1892 et

494 1935 512 1964 “
534 1929 767 2011 convictorum,
790 1951 924 2008 necnon
942 1928 1061 1997 catalla
1083 1929 1229 1996 felonum
1253 1935 1288 1996 et
1316 1929 1541 2016 fugitivorum,

494 2036 512 2066 “
534 2031 652 2098 catalla
666 2031 891 2120 utlagatorum
906 2040 940 2098 et
962 2031 1106 2099 felcnum
1129 2031 1170 2098 de
1184 2053 1228 2112 se,
1242 2031 1422 2111 deodanda,
1437 2037 1542 2108 vasta,

493 2139 511 2168 “
532 2133 765 2221 impetitiones,
780 2157 817 2201 ac
837 2135 1041 2201 omnimodos
1061 2135 1218 2200 articulos
1236 2134 1380 2215 Itineris,
1396 2134 1541 2200 destruc-

492 2240 511 2271 “
532 2237 640 2302 tiones
665 2241 701 2303 et
725 2237 997 2325 transgressiones
1014 2237 1055 2304 de
1073 2236 1174 2304 viridi
1194 2236 1249 2303 vel
1263 2237 1447 2316 venatione,
1462 2258 1541 2302 ven-

493 2337 675 2404 “ditiones
699 2339 869 2406 boscorum
891 2339 980 2405 infru
1003 2338 1141 2405 forestae
1164 2346 1199 2405 et
1223 2345 1328 2420 extra,
1343 2346 1378 2406 et
1401 2339 1540 2404 aliarum

494 2446 512 2473 “
533 2461 642 2506 rerum
665 2463 951 2529 quarumcumque,
977 2447 1057 2507 ante
1086 2443 1212 2508 dictum
1242 2443 1419 2529 septimum
1449 2441 1537 2507 diem

493 2548 511 2578 “
532 2543 694 2626 «Ianuarii,
718 2545 805 2611 infra
823 2567 961 2633 regnum
984 2550 1133 2612 nostrum
1156 2545 1289 2632 Angliae
1303 2551 1337 2612 et
1358 2545 1538 2610 Marubiam

493 2651 510 2679 “
532 2643 663 2714 Walliae
689 2669 888 2714 emersurum
918 2653 952 2713 et
981 2651 1184 2729 eventurum,
1211 2647 1300 2713 unde
1328 2648 1458 2735 punitio
1487 2669 1536 2714 car

493 2753 512 2782 “
535 2750 628 2815 deret
658 2751 694 2814 in
724 2749 918 2816 demandam
950 2748 1106 2830 debitam,
1140 2772 1199 2816 seu
1228 2751 1265 2816 in
1294 2751 1395 2816 finem
1424 2755 1459 2817 et
1488 2771 1536 2816 rs·

491 2857 509 2884 “
532 2851 763 2940 demptionem,
788 2856 848 2918 aut
874 2851 910 2916 in
933 2853 1015 2918 alias
1044 2873 1160 2942 poenas
1182 2853 1395 2940 pecuniamne,
1421 2875 1480 2919 seu
1493 2851 1538 2918 'in

491 2945 770 3022 “forisfacturam
793 2955 954 3021 bonorum
977 2961 1011 3022 et
1033 2955 1237 3034 catellorum,
1258 2965 1320 3022 aut
1343 2956 1537 3042 imprisona-

492 3061 510 3090 “
531 3061 645 3123 menta
674 3080 733 3123 seu
762 3057 1015 3124 amerciaments
1043 3055 1342 3124 ³communitatum
1373 3058 1536 3139 villarum,

493 3161 586 3225 “vel
623 3160 841 3249 singularium
878 3181 1099 3248 personarum,
1137 3161 1191 3226 vel
1230 3162 1266 3226 in
1312 3161 1536 3228 onerationem

493 3267 511 3297 “
532 3262 709 3328 liberorum
729 3267 992 3329 tenementorum
1017 3284 1130 3328 eorum
1155 3263 1213 3350 qui
1233 3285 1402 3350 nunquam
1429 3271 1536 3331 trans-

492 3365 635 3451 “gressi
664 3364 806 3445 fuerunt,
837 3371 876 3431 ut
905 3364 1083 3444 haercdum,
1109 3371 1330 3445 executorum,
1360 3365 1414 3432 vel
1438 3372 1538 3434 terrae

491 3469 509 3501 ‘⁸
532 3467 728 3547 tenentium,
757 3467 978 3547 Escsetorum,
1009 3467 1257 3548 Vioecomitum,
1287 3467 1548 3550 coronatorum,

492 3573 509 3602 ‘¹
531 3574 566 3635 ct
602 3568 741 3635 aliorum
771 3569 980 3656 hujusmodi;
1017 3575 1052 3636 et
1081 3591 1177 3638 omne
1207 3571 1242 3638 id
1272 3571 1361 3658 quod
1398 3573 1440 3638 ad
1477 3593 1538 3638 nos

492 3675 510 3705 ‘⁴
532 3692 647 3736 versus
676 3671 763 3758 ipsos
792 3671 959 3738 Abbatem
989 3676 1024 3738 et
1055 3671 1266 3739 conventum
1293 3673 1446 3760 pertinet,
1478 3697 1537 3741 seu

491 3773 693 3860 “pertinere
729 3779 848 3861 posset,
883 3796 926 3839 ex
959 3774 1066 3840 causis
1101 3775 1305 3862 supradictis.
1349 3775 1400 3842 Ac
1436 3777 1535 3843 etiam

491 3883 509 3910 “
530 3875 794 3963 perdonavimus,
816 3876 1010 3955 remisimus,
1026 3881 1060 3943 et
1082 3877 1313 3959 relaxavimus,
1329 3878 1453 3945 eisdem
1467 3878 1536 3944 Ab·

491 3977 602 4045 “bati
636 3985 670 4044 et
707 3978 895 4046 conventui
931 3978 1137 4045 omnimodas
1174 3979 1377 4060 donationes,
1414 3980 1536 4047 aliena·

490 4087 509 4117 “
531 4083 648 4161 tiones,
669 4087 704 4148 et
725 4079 985 4169 perquisitiones,
1009 4103 1069 4168 per
1099 4081 1188 4169 ipsos
1211 4083 1253 4149 de
1275 4083 1373 4150 terris
1387 4088 1423 4150 et
1444 4091 1536 4151 tene·

491 4185 652 4251 “mentis
681 4184 724 4250 de
752 4183 849 4250 nobis
877 4183 933 4250 vel
968 4183 1233 4273 progenitoribus
1270 4187 1402 4270 nostris,
1432 4207 1536 4274 quon·

490 4287 607 4353 “dam
645 4287 791 4375 Regibus
820 4285 961 4375 Angliae,
990 4287 1028 4352 in
1064 4287 1172 4374 capite
1201 4288 1327 4371 tentis3
1356 4310 1395 4356 ac
1426 4290 1537 4370 etiam,

490 4396 508 4425 “
529 4388 733 4456 omnimodas
765 4389 957 4456 donationes
988 4394 1023 4456 et
1052 4389 1302 4477 perquisitiones
1328 4391 1371 4457 ad
1401 4413 1537 4458 manum

490 4495 696 4557 “mortuam
734 4491 837 4558 factas
867 4496 901 4557 et
929 4491 1070 4570 habitas,
1099 4492 1223 4580 absque
1254 4492 1389 4560 licentia
1424 4495 1538 4583 regia3

522 4767 728 4822 ¹eominMS.
1009 4771 1016 4916 Ι
1070 4769 1366 4824 'marmianus

521 4847 734 4901 ’maninus
