3588 5838
522 869 698 920 scansam
720 867 1005 919 wnrrnausrma
1029 868 1205 918 sacuuan.
1334 857 1376 920 49

329 1059 350 1090 “
374 1055 426 1119 ‘ai
448 1075 487 1120 aa
509 1055 544 1120 in
567 1077 668 1120 manu
691 1076 751 1120 aua
772 1055 927 1132 tenuerit,
950 1055 1069 1120 eisdem
1085 1054 1211 1120 Abbati
1234 1059 1268 1120 et
1291 1053 1377 1120 Con·
1390 1067 1458 1118 Al).
1473 1071 1543 1118 1448.

329 1160 348 1190 “
372 1156 520 1235 ‘ventui
557 1162 591 1223 et
627 1155 863 1226 successoribus
902 1157 970 1222 suis
1007 1156 1065 1221 1in
1095 1161 1300 1244 perpetuum,
1335 1155 1378 1221 ad

327 1265 346 1292 “
371 1258 507 1324 ‘divina
538 1259 575 1324 in
608 1259 697 1325 dicta
730 1259 862 1325 ecclesia
894 1258 1009 1325 Sancti
1040 1259 1165 1325 Albani
1197 1280 1255 1350 pro
1286 1264 1378 1325 statu

326 1366 346 1394 “
369 1364 428 1426 ‘et
449 1361 625 1427 animabus
649 1361 824 1448 praedietis,
841 1363 942 1449 juxta
972 1360 1210 1428 ordinationem
1244 1361 1377 1450 praedic-

329 1469 348 1497 “
373 1467 466 1528 ‘tam
487 1461 548 1528 1in
570 1469 765 1552 perpetuum
798 1464 1014 1545 celebranda;
1038 1469 1073 1530 et
1102 1451 1223 1530 eisdem
1252 1464 1377 1530 Abbati

327 1572 347 1600 “
371 1573 428 1631 ‘et
464 1565 662 1644 Conventui
697 1567 785 1653 quod
828 1566 891 1653 ipsi
940 1565 1126 1632 Prioratum
1173 1566 1382 1653 praedictum,

330 1674 349 1702 “
372 1673 469 1733 ‘aum
490 1669 643 1734 omnibus
665 1669 849 1757 praemissis,
872 1673 906 1734 ct
928 1667 1068 1757 singulis
1091 1668 1159 1734 suis
1184 1668 1316 1754 juribus
1343 1674 1377 1733 ct

328 1775 352 1805 “
374 1771 606 1856 ‘pertinentiis
643 1772 819 1860 pradictis,
852 1771 993 1859 recipere
1030 1773 1167 1858 possint,
1204 1777 1238 1837 et
1268 1777 1379 1836 tenere

330 1880 348 1907 “
371 1873 458 1938 ‘sibi
488 1879 523 1940 et
544 1874 780 1941 successoribus
811 1874 879 1939 suis
902 1874 1072 1961 praedictis
1103 1874 1140 1939 in
1168 1873 1274 1940 forma
1296 1895 1380 1961 prae·

331 1981 350 2010 “
375 1975 487 2042 ‘dicta
518 1975 579 2042 ¹in
609 1981 813 2065 perpetuum,
836 1977 923 2042 sicut
956 1977 1153 2064 praedictum
1186 1983 1244 2056 est,
1268 1982 1381 2042 tenore

330 2083 350 2111 “
371 2077 597 2145 ‘Litterarum
619 2077 851 2166 praedictarum
878 2077 1078 2158 Patentium,
1101 2079 1253 2144 similiter
1282 2079 1381 2144 licen-

331 2185 349 2213 “
371 2180 477 2246 ‘tiam
508 2180 635 2246 dederit
649 2219 650 2224 κ
664 2181 844 2269 specialem,
868 2180 1005 2254 Statuto
1031 2181 1073 2247 de
1104 2181 1201 2247 terris
1226 2186 1260 2248 et
1289 2186 1381 2247 tene-

331 2288 349 2316 “
372 2283 516 2349 ‘mentis
549 2283 592 2348 ad
629 2305 764 2348 manum
795 2289 960 2351 mortuam
990 2305 1057 2350 non
1095 2283 1255 2371 ponendis
1293 2283 1381 2348 edito
1412 2309 1416 2316 ·
1460 2361 1461 2364 Ἴ

331 2391 350 2418 “
372 2392 462 2450 ‘non
483 2385 655 2467 obstant03
678 2391 779 2474 prout
807 2387 845 2450 in
874 2386 1040 2473 praedictis
1070 2385 1207 2453 Litteris
1230 2385 1382 2451 Patenti-

331 2492 349 2522 “
372 2486 456 2553 ‘bns
484 2488 613 2575 plenius
646 2489 834 2554 continetur
844 2489 1070 2556 z-Noveritis
1101 2512 1169 2569 nos,
1204 2489 1381 2577 praelatum

331 2595 350 2624 “
373 2591 530 2671 ‘Ducem
552 2592 663 2679 vigore
690 2593 892 2659 Litterarum
922 2593 1156 2679 praedictarum
1180 2592 1381 2669 Patentium,

332 2701 349 2729 “
373 2701 381 2726 ‘
396 2692 531 2773 dedisse,
545 2694 747 2772 concessisse,
762 2700 796 2760 et
815 2695 876 2760 hoc
898 2695 1055 2782 praesenti
1069 2693 1201 2782 'scripto
1217 2715 1289 2760 meo
1304 2715 1380 2759 con-

332 2801 351 2830 “
372 2795 549 2876 ‘firmasse,
578 2795 735 2874 «Iohanni,
769 2796 896 2862 Abbati
922 2796 1102 2863 Abbathiae
1139 2796 1315 2884 praedictae,
1347 2801 1381 2861 et

332 2903 351 2932 “
373 2899 541 2985 ‘ejusdcm
571 2899 633 2965 loci
657 2898 853 2980 Conventui,
876 2899 1064 2964 Prioratum
1087 2899 1291 2986 praedictum,
1314 2919 1381 2962 una

333 3006 352 3036 “
374 3008 470 3066 ‘cnm
493 3001 647 3067 omnibus
669 3001 774 3080 terris,
790 3002 996 3080 tenementis,
1019 3000 1211 3079 redditibus
1227 3000 1381 3077 servitiis,

332 3109 351 3137 “
371 3110 381 3137 ‘
395 3102 566 3183 fructibus
589 3103 751 3190 proficuis,
775 3103 918 3182 decimis,
933 3103 1167 3182 oblationibus,
1181 3103 1381 3169 reventioni-

333 3211 351 3240 “
374 3205 466 3284 ‘bns
502 3205 742 3288 annuitatibus,
780 3204 1025 3294 ”pensionibus
1069 3206 1283 3294 portionibus,
1323 3228 1380 3292 ap-

334 3316 352 3342 “
375 3309 508 3396 ‘portis
531 3308 636 3388 rebus,
662 3309 803 3396 juribus,
826 3314 861 3375 et
886 3309 1075 3397 privilegiis,
1098 3309 1324 3398 spiritualibus
1348 3314 1382 3374 et

333 3415 352 3444 “
375 3411 642 3498 ‘temporalibus
672 3411 938 3499 possessionibus,
962 3411 1131 3498 homagiis,
1153 3410 1379 3489 fidelitatibus,

330 3521 352 3552 “
374 3513 535 3593 ‘releviis
552 3556 553 3560 =
573 3513 677 3579 feodis
715 3511 867 3593 militum,
904 3514 1204 3601 perquisitionibus,
1241 3513 1381 3579 advoca

334 3622 352 3649 “
374 3616 544 3682 ‘tionibus
567 3615 782 3696 ecclesiarum,
804 3617 1010 3694 vinariarum,
1027 3616 1232 3704 capellarum,
1251 3620 1286 3682 et
1308 3616 1381 3680 hos·

334 3723 353 3752 “
375 3718 559 3806 ‘pitelium
580 3719 779 3799 franchesiis,
802 3718 1022 3798 libertatibus,
1044 3719 1292 3796 reversionibus,
1312 3740 1381 3784 mo·

334 3827 353 3854 “
375 3820 545 3900 ‘lendinis
576 3821 684 3902 curiis,
714 3821 799 3902 letis,
830 3820 957 3887 visibus
993 3821 1206 3910 iranciplegii,
1239 3821 1381 3897 escaetis,

334 3930 353 3956 “
376 3922 528 4004 ‘wardia
564 3923 756 4010 maritagiie,
794 3922 909 4002 boscis,
948 3924 1121 4000 warennis,
1158 3922 1380 3999 forisfacturis,

272 4023 277 4031 '
335 4030 353 4058 “
375 4025 506 4105 ‘moris
535 4025 690 4102 mariscis,
720 4025 876 4111 piscariis,
914 4025 1030 4111 pratis,
1062 4023 1198 4111 pascuis,
1229 4025 1379 4109 pasturis,

314 4132 353 4219 ·“
376 4123 553 4213 “wapics,
587 4131 724 4212 strayes,
758 4126 966 4214 infangthief,
1002 4125 1249 4212 outefangthief,
1284 4146 1379 4203 anno,

336 4234 353 4262 “
376 4228 460 4308 ‘die,
493 4234 528 4295 et
558 4243 662 4307 vasto,
695 4228 823 4294 catallis
855 4228 1000 4295 felonum
1033 4235 1068 4294 et
1098 4228 1323 4315 fugitivorum,
1347 4232 1381 4292 et

335 4337 352 4364 “
375 4333 629 4418 ‘utlagatorum
653 4337 687 4397 et
715 4332 858 4397 felonum
891 4331 932 4397 de
963 4353 1005 4412 aa,
1033 4330 1218 4408 deodandis,
1249 4337 1284 4396 et
1312 4352 1381 4395 cm·

336 4439 353 4466 “
376 4433 497 4500 ‘nibus
518 4434 592 4500 aliis
610 4435 762 4521 proficuis
781 4439 815 4501 et
839 4434 1136 4512 commoditatibus,
1152 4433 1239 4499 dicto
1255 4433 1381 4498 Priora

1051 4617 1202 4624 --.—--—..-.-.

370 4722 666 4790 ¹iapepetaaminMS.
909 4723 1364 4790 ³wayeainMS.,byinadvcrtenoe.

369 4801 380 4835 ²
387 4803 545 4868 parcioribus
555 4802 582 4856 in
592 4802 649 4855 MS.

1226 4901 1250 4948 D
