3668 5842
440 896 504 962 228
773 913 969 964 nnmsunuu
992 913 1149 964 nunnus

271 1085 337 1138 Μ)-
352 1093 423 1138 ¹⁴⁵⁶·
438 1103 456 1132 “
478 1098 542 1164 sibi
564 1103 600 1163 et
629 1098 813 1164 haeredibus
835 1098 903 1164 suis
925 1097 982 1163 ¹in
1005 1103 1207 1187 perpetuum,
1231 1097 1294 1164 sub
1325 1095 1431 1164 formu
1451 1111 1485 1162 et

437 1209 456 1235 ‘·'
479 1201 666 1268 conditione
688 1200 922 1288 sequentibus,
943 1201 1105 1281 videlieet,
1130 1199 1217 1289 quod
1240 1201 1268 1266 si
1290 1221 1394 1266 unum
1418 1221 1485 1264 me·

439 1310 456 1338 “
479 1303 637 1391 susgium,
661 1325 735 1368 eum
768 1303 857 1391 ksyo
889 1303 1068 1390 adjacente,
1098 1303 1196 1368 simul
1227 1323 1301 1368 cum
1333 1300 1485 1367 omnibus

438 1410 456 1440 “
479 1405 775 1486 commoditatibus,
808 1404 1019 1486 aisiamentis,
1051 1410 1087 1470 et
1123 1404 1249 1472 caeteris
1282 1404 1352 1470 suis
1372 1403 1485 1491 perti·

438 1514 456 1541 “
479 1508 604 1572 nentiis
625 1529 663 1574 cc
688 1506 820 1594 juribus
842 1507 1099 1594 quibuscunque,
1130 1505 1297 1594 praedictis
1318 1503 1485 1592 mesungio

438 1614 512 1674 “et
548 1608 637 1694 knyo
675 1607 945 1697 qualitercunque
981 1609 1214 1696 spectantibus,
1253 1607 1413 1674 situatum
1449 1606 1486 1672 in

439 1717 456 1745 ‘⁴
478 1709 607 1776 venelle
629 1717 748 1777 vocatu
765 1710 1083 1799 ‘Wyndegoselsne’
1099 1711 1136 1777 in
1153 1710 1312 1777 Perochis
1327 1709 1485 1778 Omnium

438 1812 673 1880 “Sanctorum
705 1813 748 1880 sd
770 1813 907 1894 Fenum,
930 1813 1185 1894 Londonisrum,
1208 1834 1282 1899 quse
1311 1835 1381 1891 noe,
1402 1833 1485 1900 pne-

437 1917 455 1944 “
479 1911 558 1978 dicti
581 1911 695 1978 Abbss
718 1917 753 1978 et
777 1911 977 1994 Conventus,
1001 1933 1106 1999 nuper
1135 1911 1310 1977 habuimus
1332 1910 1427 1978 nobis
1451 1915 1485 1976 et

438 2019 454 2048 ‘⁴
476 2013 713 2080 successoribus
746 2015 867 2080 nostris
889 2013 948 2080 ²in
976 2019 1183 2102 perpetuum,
1207 2037 1250 2081 ex
1283 2014 1380 2096 dono,
1408 2033 1485 2078 ecn-

437 2124 456 2151 “
478 2117 629 2196 cessione,
645 2123 680 2183 et
702 2117 958 2196 confirmatione,
973 2117 1205 2205 praedictorum
1221 2115 1389 2204 Radulphi
1405 2117 1484 2182 Bot-

436 2223 455 2253 “
477 2219 566 2284 tiller
596 2225 631 2285 et
660 2218 826 2285 «Iohannis
849 2218 983 2305 Hynde‚
1001 2219 1152 2302 junioris,
1175 2219 1349 2305 Armigeui,
1372 2218 1484 2306 ulique

437 2327 455 2356 “
477 2327 623 2407 tempore
660 2319 773 2387 futuro
806 2326 902 2386 extre
934 2322 1170 2408 possessionem
1203 2321 1316 2399 nostri,
1347 2320 1485 2408 praedic·

437 2429 454 2458 “
476 2428 586 2488 torum
600 2422 742 2489 Abbatis
764 2430 799 2489 et
822 2423 1024 2503 Conventus,
1040 2423 1094 2490 vel
1115 2445 1334 2490 successorum
1356 2429 1485 2490 nostro-

438 2530 455 2560 “
476 2546 558 2603 rum,
582 2525 712 2591 ratione
734 2525 872 2612 alicujus
888 2525 974 2612 juris
988 2525 1042 2592 vel
1063 2523 1157 2592 tituli
1178 2526 1257 2592 inde
1278 2531 1357 2592 unte
1371 2526 1484 2592 dutum

438 2634 456 2660 “
478 2626 689 2713 praesentium
712 2627 828 2705 habiti,
850 2627 998 2715 legitimo
1028 2627 1128 2694 modo
1150 2628 1297 2693 evictum
1318 2627 1374 2694 vei
1393 2649 1484 2694 recu-

436 2733 455 2762 “
477 2735 628 2815 peretum
650 2729 760 2811 fuerit,
775 2729 897 2817 absque
919 2729 1033 2796 fraude
1056 2729 1110 2796 vel
1132 2730 1251 2796 ccvins
1271 2730 1386 2809 nostri,
1402 2751 1484 2818 prae-

435 2831 637 2897 “dictorum
678 2832 820 2898 Abbetis
855 2837 891 2898 et
929 2829 1131 2914 Conventus,
1169 2831 1223 2898 vel
1264 2853 1483 2898 successorum

434 2939 453 2967 “
474 2938 670 3015 nostrorum,
686 2934 774 3021 quod
789 2938 913 3000 extunc
934 2955 1078 3021 praesens
1091 2934 1249 3021 seriptum
1266 2933 1483 3014 indentutum,

434 3039 453 3069 “
474 3036 660 3117 notificatio,
672 3037 886 3114 confirmatio,
899 3036 1071 3117 concessio,
1085 3041 1121 3101 et
1137 3035 1307 3116 mluxntio,
1323 3042 1359 3103 et
1372 3038 1484 3104 omniu

434 3145 452 3172 “
473 3137 514 3202 in
534 3140 648 3205 eudem
675 3143 840 3224 contente,
862 3160 923 3226 pro
945 3138 1046 3204 nuliis
1074 3137 1269 3218 habeantur,
1290 3139 1348 3206 sed
1379 3161 1484 3206 vacue

435 3245 455 3276 “
478 3240 554 3319 sint,
584 3247 619 3306 et
640 3241 765 3306 nullius
795 3241 925 3328 vigonis.
971 3239 1015 3306 In
1045 3239 1139 3327 cujus
1169 3241 1217 3307 rei
1247 3241 1484 3324 testimonium,

434 3349 452 3376 “
475 3342 535 3407 uni
565 3343 653 3429 perti
683 3343 781 3430 hujus
810 3343 924 3430 scripti
953 3342 1126 3422 indentsti,
1157 3365 1256 3432 penes
1286 3343 1482 3432 preadictum

433 3448 451 3478 “
473 3443 687 3531 Redulphum
716 3445 909 3524 remanenti,
932 3466 1000 3524 nos,
1029 3443 1161 3532 praefeti
1186 3445 1301 3512 Abbes
1330 3451 1366 3512 et
1396 3446 1482 3514 Con-

434 3551 453 3582 “
476 3551 606 3625 ventus,
627 3546 773 3634 sigilium
795 3551 945 3613 nostrum
967 3567 1138 3613 commune
1159 3547 1377 3635 opposuimus.
1424 3549 1483 3614 Al-

433 3654 452 3684 “
473 3647 538 3713 teri
560 3670 637 3715 vero
663 3649 751 3736 perti
774 3649 919 3738 ejusdem
950 3649 1064 3738 seuipti
1084 3649 1260 3732 indenteti,
1282 3673 1383 3740 penes
1413 3673 1481 3727 nos,

327 3765 332 3780 ·
433 3755 453 3785 “
475 3749 581 3817 dictos
600 3751 766 3817 Abbutem
789 3757 824 3819 et
846 3751 1066 3832 Conventum,
1087 3752 1281 3834 remanenti,
1304 3753 1483 3842 praedietus

433 3859 451 3887 ‘⁶
474 3851 668 3940 Redulphus
700 3852 846 3941 sigilium
880 3877 977 3920 suum
1009 3854 1172 3942 apposuit
1218 3854 1296 3921 Hiis
1329 3856 1481 3934 testibus,

434 3963 452 3990 “
474 3954 626 4023 Johnnne
650 3955 792 4042 Cheyne,
810 3955 929 4038 Milite,
944 3956 1069 4024 Thomu
1091 3956 1224 4037 Broket,
1240 3957 1482 4027 Bartholomaeo

433 4065 451 4094 “
473 4057 606 4144 Helley,
638 4057 782 4124 Roberto
822 4058 967 4138 Knolles,
1006 4059 1160 4126 Johnnne
1197 4059 1481 4149 ansyngbourne,

433 4166 451 4195 ‘⁶
474 4160 614 4248 Georgio
649 4159 818 4248 Danyelle
849 4161 1026 4228 Edmundo
1049 4161 1197 4246 Westby,
1227 4161 1425 4251 Armigeiis,
1447 4169 1482 4231 et

433 4270 448 4297 “
471 4263 586 4329 multis
616 4262 697 4329 eliis.
746 4263 836 4328 Dete
861 4264 1120 4351 quinto-decimo
1153 4263 1207 4330 die
1237 4265 1359 4331 mensis
1390 4267 1481 4346 Mnii,

432 4369 451 4402 “
473 4387 561 4431 enno
595 4366 687 4452 regni
716 4365 816 4453 Regis
838 4365 983 4445 Henriei,
1007 4367 1102 4434 Sexti
1133 4371 1208 4454 post
1235 4365 1482 4455 Conquaestum,

432 4472 449 4502 “
470 4468 636 4534 tricesimo
658 4466 805 4554 querto.''

806 4816 815 4850 ¹
825 4819 997 4884 inperpetuum
1008 4817 1034 4869 in
1046 4817 1104 4871 MS.
