3668 5842
520 880 693 934 tonsuris
715 881 1000 933 wnnrnsusrrnn
1023 881 1198 932 securus.
1317 867 1377 930 281

384 1077 401 1106 “
424 1071 588 1159 Opprime,
627 1071 707 1138 dum
744 1093 832 1137 nove
868 1076 954 1148 sunt,
993 1069 1096 1136 subiti
1134 1070 1221 1135 mala
1258 1069 1461 1135 seminent).
1478 1085 1549 1133 145⁷.

473 1174 625 1240 “morbi

384 1285 402 1313 “
424 1277 512 1343 Nom
546 1301 638 1345 moro
672 1279 730 1345 dot
761 1279 855 1357 vires,
884 1285 1013 1344 teneras
1047 1299 1175 1366 quoque
1206 1276 1385 1364 ¹decoquit

475 1387 493 1416 “
515 1403 606 1460 nvos,

429 1492 446 1518 “
468 1483 515 1550 m
535 1485 663 1550 vulidas
684 1489 810 1570 segetes
832 1482 921 1569 quod
943 1483 1009 1549 fnit
1032 1485 1134 1550 herbo
1155 1483 1264 1550 feeit.”

342 1613 437 1694 Item,
459 1617 696 1702 subsequenter
717 1614 842 1681 ibidem
858 1639 911 1695 ;—

386 1739 403 1765 “
425 1731 601 1819 Principiis
623 1731 728 1810 obsta,
751 1753 822 1796 sero
844 1731 1008 1796 medicina
1029 1737 1171 1819 peretur,

431 1841 450 1868 ‘¹
473 1833 558 1900 Oum
579 1835 668 1900 mols
689 1855 747 1921 per
768 1834 882 1921 longas
904 1835 1097 1901 convaluere
1119 1856 1233 1902 moras.

386 1945 404 1971 “
426 1936 493 2003 Sed
515 1959 661 2024 propera,
684 1957 744 2002 nec
765 1941 799 2001 te
822 1941 980 2002 ventures
1002 1936 1097 2002 differ
1120 1937 1155 2002 in
1178 1936 1299 2004 horus.'’

343 2051 389 2118 Et
410 2052 475 2118 hiis
498 2053 638 2140 scriptis,
662 2052 732 2118 sive
755 2051 863 2132 dictis,
887 2051 1043 2117 dentibus
1066 2052 1205 2118 rationis
1228 2052 1440 2118 maturius'rn

343 2155 530 2235 masticatis,
554 2156 778 2232 decreverunt,
800 2176 841 2219 ne
864 2176 922 2241 per
951 2175 1057 2219 morus
1079 2155 1225 2220 diutinos
1248 2132 1534 2244 iurares-3312?

343 2264 431 2323 cerct
453 2257 592 2323 nimium
624 2263 719 2322 tento
749 2256 859 2343 pestis,
883 2257 972 2322 illius
994 2256 1123 2323 obstare
1147 2258 1324 2345 principiis,
1348 2258 1389 2323 de
1401 2275 1435 2312 1¹⁰
1445 2260 1527 2324 sorny.

345 2359 467 2446 totique
497 2359 640 2426 remedio
674 2358 854 2446 providere,
889 2380 955 2445 quo
981 2360 1149 2426 obstruere
1184 2367 1317 2447 possent
1354 2381 1390 2426 os

343 2463 548 2548 loquentium
582 2462 767 2548 iniqueque
800 2483 935 2525 manum
967 2463 1181 2548 praescindere
1208 2463 1290 2528 tolie
1311 2463 1390 2529 scri·

343 2565 461 2644 bentis,
485 2587 560 2652 quse
582 2569 661 2630 sunt
684 2569 842 2650 suspectae
864 2562 1021 2644 lectionis,
1037 2570 1071 2629 et
1086 2587 1185 2653 poena
1207 2565 1390 2632 adustionis

345 2666 453 2754 digna„

387 2768 566 2856 Pergentes
588 2768 693 2854 igitur
716 2767 759 2832 sd
781 2767 1104 2833 Reverendissimum
1118 2769 1154 2833 in
1172 2768 1305 2836 Christo
1328 2771 1475 2844 Pa-rse
1486 2778 1534 2828 cul

343 2877 426 2936 trem
451 2893 488 2938 ec
511 2870 701 2949 Dominum,
717 2870 913 2957 Magistrum
928 2869 1087 2935 Thomam
1103 2870 1259 2950 Bouoher,
1274 2873 1391 2938 Archi·
1403 2845 1525 2962 qqqq-thc

344 2977 514 3064 pressulem
545 2974 741 3054 cantuarie,
764 2973 823 3059 qui
848 2993 909 3058 pro
932 2978 1012 3037 tunc
1035 2972 1131 3038 cardo
1154 2980 1226 3039 eret
1248 2975 1390 3056 solidior,
1402 2977 1491 3042 bimop
1502 2975 1532 3027 of

345 3081 523 3165 fortiorque
538 3075 718 3154 ²eoiumno‚
733 3076 838 3141 totius
854 3075 889 3138 in
903 3096 1004 3161 regno
1023 3075 1175 3142 Ecclesiae
1190 3077 1391 3165 Anglieanae‚
1404 3046 1510 3176 iffi?

344 3182 587 3269 requisiverunt
598 3200 682 3258 eum,
698 3177 863 3263 quatinus,
881 3177 916 3240 in
931 3179 1217 3263 praeservationem
1232 3180 1392 3246 naviculae
1405 3194 1520 3236 sammon

346 3285 422 3350 fidei
452 3305 473 3348 e
502 3278 644 3369 periculo
674 3277 914 3365 submergendi,
937 3278 1035 3344 citeri
1057 3281 1177 3346 feceret
1198 3282 1391 3368 praedictum
1404 3253 1548 3385 ξὲζξζὲ

346 3389 554 3476 Episcopum,
577 3382 785 3468 limitoreque
807 3379 872 3444 sibi
895 3380 992 3460 diem,
1016 3380 1139 3460 horum,
1162 3388 1196 3448 et
1219 3383 1334 3463 locum,
1349 3385 1392 3450 ed
1403 3389 1457 3442 fore
1468 3391 1527 3442 him.

345 3486 597 3577 comparendum
613 3505 721 3550 corum
744 3483 826 3568 ipso,
846 3481 889 3546 sd
911 3483 1238 3571 respondendumquc
1260 3487 1296 3550 in
1318 3486 1391 3566 hiis,

347 3614 421 3680 quoe
444 3592 480 3655 in
503 3609 601 3654 cause
623 3586 700 3651 fidei
723 3583 930 3670 ³objiciendn
952 3583 1072 3651 ‘erunt
1096 3591 1211 3652 contra
1232 3611 1314 3654 eum.

391 3693 590 3780 Comperens
612 3689 716 3776 igitur
740 3708 847 3753 coram
875 3707 914 3752 eo
942 3688 1030 3773 opud
1053 3687 1391 3771 westmonasterium,
1405 3711 1505 3762 Peeoek
1518 3713 1539 3763 is

346 3798 381 3861 in
404 3795 547 3883 quedem
570 3813 698 3858 camere
721 3789 868 3866 Consilii,
893 3794 1056 3874 praesento
1078 3797 1158 3856 tunc
1177 3791 1299 3857 ibidem
1322 3778 1559 3898 tnmffiffl’

347 3899 489 3965 Domino
510 3897 608 3984 Rege,
625 3915 723 3980 quam
746 3890 863 3956 multis
885 3891 987 3958 etium
1010 3893 1198 3978 proceribus
1220 3894 1262 3959 de
1284 3894 1536 4028 diver-ffimp

1432 3993 1447 4027 Θ
1484 3995 1511 4028 ῙὉ
1531 4005 1542 4018 ·

1403 4043 1500 4108 bishop.

345 4001 390 4066 sis
411 4000 563 4088 partibus
586 3995 688 4082 regni,
704 3992 990 4081 quaestionubetur
1011 3994 1166 4080 primitus
1189 3995 1224 4059 in
1240 3997 1392 4062 Articulo

346 4103 386 4170 de
419 4098 584 4168 Descensu
618 4096 744 4163 Christi
776 4095 819 4159 ed
842 4093 969 4159 Inferos
981 4118 989 4172 ;
1023 4095 1150 4176 deinde,
1178 4097 1327 4176 secundo,
1351 4097 1392 4165 de

346 4203 544 4270 auctoritate
567 4199 719 4266 Ecclesiae
742 4195 970 4276 Universclis3
991 4197 1119 4280 deinde,
1142 4200 1251 4276 tertio,
1274 4199 1315 4265 de
1336 4221 1393 4287 po

345 4313 468 4374 testate
491 4303 733 4380 Consiliorum
757 4297 884 4376 deindo,
900 4303 1027 4382 quarto,
1052 4298 1092 4363 de
1118 4321 1214 4365 sensu
1239 4306 1273 4366 et
1295 4302 1393 4367 intel—

346 4411 434 4478 lectu
458 4409 631 4476 Saoterum
654 4402 921 4488 Scripturerum5
943 4398 1070 4478 deinde,
1093 4423 1180 4482 vero,
1204 4404 1330 4488 quinto,
1353 4402 1394 4469 de

382 4726 517 4790 ¹decoquac
529 4723 623 4774 inus.
928 4715 1181 4769 'cummunis

380 4803 527 4869 ²mlmpua
539 4801 631 4854 inMS.
930 4795 1021 4846 ‘nunt
1032 4795 1058 4846 in
1069 4797 1177 4848 Eume.
