3640 5842
519 888 691 940 tonsurus
714 887 998 938 wnnrssuernnn
1020 887 1199 939 succuum.
1316 877 1379 941 335

329 1075 526 1164 Angliaeque
551 1077 664 1164 Reges,
686 1075 887 1163 simpliciter,
909 1097 1041 1162 unoque
1072 1075 1203 1162 spiritu,
1230 1075 1319 1142 inter
1348 1093 1462 1144 seen.
1478 1099 1548 1148 rete.

328 1178 553 1267 graderentur,
576 1183 611 1246 et
633 1179 704 1245 Deo
729 1179 832 1266 'digne
863 1177 989 1245 vellent
1018 1178 1180 1256 incedere,
1202 1199 1264 1246 nec
1286 1179 1382 1244 decli-

328 1303 410 1351 nere
434 1281 478 1346 ed
507 1282 598 1348 viam
629 1280 807 1361 discordiae,
838 1300 896 1346 seu
919 1281 1153 1359 contentionis,
1177 1302 1244 1346 non
1274 1280 1381 1348 solum

328 1383 366 1448 in
387 1404 423 1448 ee
445 1387 480 1448 et
501 1405 560 1468 per
582 1404 616 1448 se
638 1382 825 1452 sufficereut
847 1383 998 1448 resistere
1019 1380 1093 1448 istis
1117 1381 1231 1448 Turcis
1261 1381 1380 1470 impiis,

329 1483 453 1551 1immo
476 1485 586 1563 etiam,
602 1485 644 1550 ad
660 1483 905 1572 subjugandum
928 1483 1112 1561 Saracenos,
1139 1485 1274 1549 Domini
1289 1506 1382 1551 sanc-

330 1588 476 1654 tuarium
498 1587 734 1668 conculcantes,
758 1608 796 1652 ac
821 1587 959 1654 ulterius
981 1587 1024 1652 ed
1048 1586 1195 1654 Orientis
1221 1586 1382 1654 interiora

331 1694 511 1777 penetrare.
745 1753 748 1760 ,
1540 1747 1544 1756 .

377 1791 503 1872 Quarto
525 1792 885 1872 vera-descendendo
908 1793 951 1858 ed
980 1790 1159 1879 principale
1181 1791 1234 1856 sui
1257 1793 1381 1878 negotii
1394 1806 1529 1885 significa
1570 1842 1575 1852 .

332 1896 545 1981 propositum,
560 1894 756 1964 hortabatur
780 1906 815 1960 et
836 1893 1021 1980 requisivit,
1038 1915 1080 1960 ex
1101 1875 1538 2005 partePontificio*1‘¹‚{'‚¹1¹‚e⁰5f{1{²,e

333 1995 471 2078 Summi,
497 1995 734 2062 Celsitudinem
763 1995 910 2082 Regiam,
934 1999 981 2074 ut,
1004 2018 1080 2061 cum
1102 1999 1268 2082 potestate
1283 1997 1381 2082 plena
1392 2008 1441 2058 ire
1452 2008 1512 2085 tua,

334 2103 369 2172 et
383 2098 538 2185 plenaria,
554 2099 740 2176 solemnem,
755 2119 844 2163 more
866 2103 1059 2165 caeterorum
1077 2097 1271 2186 principum,
1286 2121 1380 2165 suam
1392 2073 1514 2206 ἓξὲξ
1525 2075 1557 2126 of

333 2200 577 2270 transmitteret
592 2199 823 2266 ambasciatam
840 2200 883 2265 ad
894 2200 964 2287 jam
979 2199 1108 2266 instans
1124 2201 1282 2266 Generale
1294 2199 1379 2268 Oon-
1392 2206 1552 2258 willmdan

334 2303 455 2382 cilium
474 2304 517 2369 ad
540 2303 750 2368 tractandum
772 2301 904 2381 ibidem,
928 2307 963 2368 et
984 2301 1251 2380 concludendum,
1273 2275 1509 2390 primoetpqaessy

335 2409 371 2470 et
393 2411 471 2472 ante
494 2405 567 2483 alia,
597 2405 638 2470 de
667 2426 747 2492 pace
775 2410 811 2470 et
840 2405 1014 2472 concordia
1043 2405 1133 2471 inter
1165 2411 1262 2472 terrae
1293 2407 1381 2493 prin-
1394 2407 1502 2484 Genergl

335 2506 430 2594 cipes.
476 2507 613 2586 Deinde,
636 2507 686 2572 Eo
708 2511 873 2593 congente,
896 2508 954 2592 qui
980 2507 1017 2571 in
1045 2506 1132 2572 bono
1162 2506 1252 2594 pacis
1274 2507 1382 2577 voluit
1393 2472 1518 2602 332⁰?ss

334 2631 402 2676 esee
434 2609 557 2676 bonum
589 2630 695 2688 omne,
718 2607 806 2695 quod
835 2609 924 2695 apud
949 2631 1042 2696 reges
1064 2610 1188 2696 poterit
1210 2631 1287 2687 esse,
1309 2611 1383 2697 ipsa
1394 2607 1508 2722 {2⁸1⁴}le

333 2711 428 2790 lecta
449 2711 575 2791 habita,
598 2715 632 2776 et
654 2709 810 2788 stabilita,
832 2709 876 2774 ad
899 2709 1109 2775 tractandum
1137 2709 1283 2788 ulterius,
1307 2733 1382 2777 con·
1455 2689 1469 2722 θ
1496 2710 1503 2723 ’

334 2814 516 2892 edendum,
539 2819 573 2879 et
600 2811 868 2890 concludendum,
893 2812 934 2878 de
965 2813 1039 2889 viis,
1063 2812 1177 2893 modis,
1199 2818 1235 2878 et
1263 2813 1384 2878 machi·

333 2916 506 2998 asmentia,
531 2915 651 3001 quibus
680 2914 886 2980 miseriorum
916 2915 1053 3003 gurgiti,
1079 2914 1269 2994 Turcorum,
1292 2915 1384 2982 vide-

333 3018 420 3102 licet,
443 3018 649 3106 Imperatori,
668 3039 800 3104 suaeque
822 3015 968 3098 malitiae,
984 3017 1094 3082 resisti
1115 3017 1231 3082 melius
1243 3019 1383 3103 {poterit

334 3126 433 3206 atque
459 3142 517 3207 per
546 3121 687 3207 gratiam
717 3119 780 3184 Dei
806 3118 1022 3186 misericordis
1054 3117 1117 3184 sibi
1157 3119 1193 3182 in
1231 3118 1383 3184 omnibus

333 3223 468 3290 obviari.

379 3324 515 3406 Quibus,
539 3346 702 3390 unacum
725 3323 799 3389 aliie
820 3322 930 3404 variis,
954 3324 992 3387 in
1022 3323 1291 3411 aggravationem
1314 3345 1382 3389 suae
1395 3340 1450 3390 The

333 3426 490 3509 materiae,
506 3429 555 3492 ita
577 3450 635 3513 per
656 3448 731 3492 eum
754 3425 940 3513 propositis,
962 3425 1127 3512 expositis,
1152 3429 1185 3491 et
1207 3425 1382 3512 requisitis,
1395 3405 1544 3524 ffi'fflf

333 3533 412 3595 mox
443 3528 537 3615 quasi
567 3528 736 3616 posterius,
759 3527 852 3594 brevi
875 3532 988 3593 tamen
1015 3527 1175 3612 colloquio
1205 3551 1263 3614 per
1292 3528 1548 3614 priushim,tothe

333 3654 408 3698 cum
430 3631 573 3697 Domino
596 3631 686 3718 Rege
708 3629 831 3711 habito,
855 3629 957 3694 dabat
985 3630 1080 3716 regni
1102 3629 1321 3697 Cancellariue
1352 3632 1382 3696 ei
1395 3607 1533 3739 ffiinfflg‘

332 3736 454 3800 iterum
465 3755 664 3821 responsum,
676 3735 726 3797 ita
741 3733 851 3798 dicens
862 3741 934 3797 :—“
943 3731 1216 3798 Praehonorabilis
1231 3732 1381 3810 Domine,
1395 3738 1458 3788 with
1469 3739 1508 3818 hp

334 3814 350 3925 ‘l
373 3837 515 3902 Domine
545 3837 795 3922 Legata-Rex
823 3838 955 3900 attenta
976 3834 1057 3900 satis
1080 3856 1157 3899 aure
1179 3835 1308 3899 audivit
1330 3855 1381 3900 so·
1395 3803 1542 3922 Sfflfie,

334 3947 352 3975 “
373 3941 513 4006 lemnam
546 3939 765 4025 subtilemque
799 3937 982 4002 orationem
1015 3942 1170 4014 vestram,
1203 3958 1309 4001 coram
1344 3958 1382 4001 eo
1395 3937 1487 4002 diately

335 4050 353 4127 ’ξ
376 4041 505 4130 egregie
526 4062 585 4127 pro
608 4062 696 4105 nunc
718 4039 928 4130 propositam,
950 4037 1192 4124 intellexitque,
1216 4036 1382 4102 stomacho
1394 4003 1536 4121 &2⁶⁸⁸

335 4151 353 4223 ‘,‘
375 4144 458 4224 bene
480 4144 638 4232 pleneque
661 4143 798 4230 digesto,
822 4145 929 4206 totam
951 4141 1125 4206 materiam
1147 4139 1184 4203 in
1206 4139 1278 4226 ipsa
1309 4161 1383 4204 con·
1396 4133 1520 4187 intoeon-

333 4256 352 4282 “
374 4251 508 4312 tentam.
557 4243 639 4310 Vult
661 4245 766 4332 igitur
787 4243 823 4307 in
845 4243 1003 4329 proximis
1025 4241 1204 4307 deliberare
1227 4262 1301 4306 cum
1324 4262 1382 4306 suo
1396 4200 1537 4255 mmm·

326 4357 351 4432 ,“
375 4348 530 4426 Concilio,
552 4353 595 4425 et,
619 4351 694 4434 post
716 4345 985 4410 deliberationem
1007 4343 1166 4424 habitam,
1190 4343 1267 4408 dare
1289 4341 1383 4409 vobis

333 4457 352 4487 “
375 4451 442 4517 tale
463 4471 664 4538 responsum,
688 4447 793 4536 quele,
816 4450 915 4534 prout
945 4450 1063 4536 sperat,
1089 4443 1232 4532 placebit
1261 4444 1384 4515 nedum

769 4780 947 4847 witonus
