3668 5842
459 891 528 953 240
797 903 992 954 ereremum
1014 902 1170 954 inmun

456 1195 583 1262 Primo
604 1195 756 1264 10tarta
778 1195 1099 1284 recompensationis
1121 1195 1271 1263 Domc'aa'
1293 1194 1333 1262 dc
1355 1193 1507 1280 sadum,

539 1298 637 1384 foeta
663 1320 728 1386 pro
758 1298 1031 1366 relocatiorttbrte
1059 1298 1164 1386 padue
1194 1297 1297 1365 atate
1319 1296 1448 1365 Abtatt
1476 1302 1507 1362 et

548 1400 740 1469 Oooocotuc'
761 1401 970 1468 Mocasura
991 1401 1110 1470 Scordi
1129 1399 1274 1468 About.

233 1571 236 1580 ’
287 1565 356 1617 Al).
371 1571 443 1617 1456.
502 1561 519 1590 “
543 1553 731 1622 8Omnibus
755 1555 881 1622 Christi
904 1553 1056 1622 fidelibus
1082 1555 1125 1621 ad
1153 1575 1234 1643 quor
1248 1575 1392 1644 praeseus
1407 1551 1507 1640 scrip·

287 1659 401 1710 nector
457 1663 474 1690 “
497 1661 571 1723 tum
615 1658 811 1744 pervenerit,
850 1657 1046 1744 Redulphus
1083 1657 1240 1724 Bottiller
1277 1658 1318 1724 de
1353 1655 1507 1742 Sudeley,

286 1739 434 1852 ffif'ffi
459 1763 477 1794 ‘¹
499 1759 602 1838 Miles,
626 1764 661 1825 et
683 1758 852 1825 «lohannes
877 1758 1005 1838 Hende,
1023 1759 1147 1844 junior,
1173 1758 1335 1848 Armiger,
1358 1756 1506 1823 salutem.

286 1858 419 1977 RQ&
458 1867 475 1896 “
497 1859 581 1926 Oum
602 1861 893 1928 excellentissimus
913 1862 1069 1950 Princeps
1093 1867 1128 1928 et
1151 1863 1321 1942 Dominus,
1344 1863 1507 1928 Dominus

286 1941 445 2056 1255,ch
458 1971 474 1998 “
497 1969 616 2042 noster,
648 1964 820 2044 Hemious,
852 1963 926 2030 Rex
956 1965 1090 2052 Angliee
1120 1971 1155 2031 et
1189 1964 1348 2048 Franciae,
1384 1963 1508 2031 Sextus

286 2061 445 2176 ffiffilg‘
458 2073 475 2100 “
496 2073 572 2152 post
603 2064 846 2153 Oonquaestum,
873 2089 932 2153 per
954 2067 1097 2133 Litteras
1127 2089 1202 2133 suas
1232 2067 1397 2146 Potentes,
1427 2089 1507 2154 qua-

287 2191 443 2243 eonventor
458 2175 476 2204 “
497 2190 571 2233 rum
609 2169 688 2234 data
724 2167 791 2234 fuit
827 2169 917 2255 apud
950 2168 1278 2236 westmonasterium
1313 2170 1507 2237 duodecimo

286 2257 443 2310 stmtan’s.
457 2277 475 2305 “
497 2271 551 2336 die
577 2270 667 2352 Maii,
683 2293 772 2337 anno
797 2255 891 2358 regni
918 2271 970 2336 sui
996 2272 1162 2338 tricesimo
1189 2280 1315 2359 quarto,
1331 2273 1373 2339 de
1398 2274 1508 2361 gratie

456 2381 474 2408 ‘¹
495 2395 555 2438 sua
584 2372 725 2461 speciali,
756 2373 950 2440 concesserit
973 2381 1007 2440 et
1044 2373 1212 2462 licentiam
1243 2375 1372 2441 dederit
1400 2375 1507 2456 nobis,

455 2485 472 2512 “
495 2475 641 2563 praefatis
680 2476 857 2564 Radulpho
894 2483 929 2542 et
974 2474 1131 2558 Johanni,
1164 2479 1254 2565 qnod
1297 2499 1357 2544 noe
1402 2499 1506 2543 unum

455 2583 474 2614 “
497 2578 709 2666 mesuagium,
740 2579 810 2645 sive
840 2583 1075 2657 tenementum,
1109 2601 1183 2646 cum
1214 2579 1292 2664 keio
1326 2579 1507 2667 adjacente,

454 2685 472 2714 “
495 2681 594 2746 simul
609 2703 683 2746 cum
698 2680 851 2746 omnibus
875 2680 1087 2761 aisiamentis,
1110 2686 1145 2747 et
1161 2682 1288 2748 caeteris
1313 2681 1381 2748 suis
1405 2683 1506 2769 perti·

454 2789 474 2820 “
496 2783 618 2849 nentiis
641 2805 679 2849 ao
704 2781 835 2868 juribus
863 2782 1118 2870 quibuscunque,
1141 2782 1309 2870 praedietis
1331 2785 1505 2871 memagio,

453 2892 471 2920 ‘¹
493 2884 564 2952 sive
598 2889 795 2965 tenemento,
827 2891 862 2951 et
893 2884 980 2966 kaie,
1006 2885 1278 2973 qualitercunque
1310 2885 1506 2973 pertinenti-

454 2997 472 3023 “
492 2988 566 3071 bus,
589 2988 751 3055 situatum
772 2988 810 3052 in
829 2987 960 3052 venella
983 2992 1101 3053 vocate
1127 2987 1448 3075 ‘Wyndegoselane,'
1469 2989 1507 3054 in

454 3096 472 3126 “
495 3090 655 3157 Paroohia
681 3089 841 3158 Omnium
867 3089 1064 3156 Sanctorum
1089 3087 1133 3156 ad
1154 3090 1290 3168 Fanum,
1321 3089 1506 3157 Londonia·

453 3200 470 3227 “
492 3215 577 3272 rum,
604 3192 736 3272 scilicet,
759 3191 849 3257 inter
874 3196 1102 3258 tenementum
1133 3214 1240 3280 nuper
1269 3193 1507 3260 Bartholomaei

454 3301 473 3331 “
497 3293 685 3382 Freetlyng,
716 3317 758 3360 ex
795 3299 890 3382 parte
930 3293 1101 3372 Orientali,
1133 3300 1168 3360 et
1197 3294 1314 3362 kaium
1352 3300 1507 3363 vocatum

454 3403 472 3432 “
495 3393 840 3484 ‘Esterlyngeshalle,’
869 3417 912 3463 ex
942 3401 1036 3483 parte
1068 3395 1283 3476 Occidentali,
1320 3419 1358 3464 ac
1385 3419 1507 3485 aquam

453 3506 472 3534 “
494 3499 656 3580 Tamisiae,
690 3519 734 3565 ex
767 3502 861 3586 perte
891 3497 1050 3578 Australi,
1082 3504 1116 3564 et
1145 3504 1371 3567 tenementum
1402 3522 1508 3589 nuper

454 3607 473 3636 “
496 3599 663 3689 Redulphi
685 3600 864 3688 Bbkeney,
888 3621 930 3666 ex
952 3607 1046 3689 parte
1067 3601 1275 3688 Aquilonem,
1297 3601 1375 3668 dare
1404 3603 1507 3690 poesi-

454 3707 473 3736 “
494 3724 577 3784 mus,
599 3708 633 3769 et
655 3703 839 3782 concedere,
865 3703 993 3769 dilectis
1025 3701 1089 3769 sibi
1114 3703 1151 3768 in
1175 3703 1316 3784 Christo,
1347 3703 1506 3782 Johanni,

452 3805 620 3872 “Abbati
646 3805 795 3872 de'villa
817 3805 859 3871 de
886 3804 1009 3871 Sancto
1033 3805 1172 3887 Albano,
1203 3810 1238 3873 ct
1266 3805 1414 3892 ejusdem
1443 3807 1506 3874 loci

453 3912 472 3940 “
495 3906 682 3975 Conventui
694 3933 702 3988 ;
724 3907 913 3974 habendum
934 3912 969 3973 et
989 3907 1170 3974 tenendum
1194 3906 1259 3974 sibi
1285 3914 1320 3974 et
1346 3929 1506 3975 successo·

419 4075 424 4104 ἕ
452 4018 471 4046 “
493 4010 585 4076 ribus
607 4011 674 4077 suia
690 4008 750 4076 ³in
765 4015 959 4098 perpetuum
971 4034 980 4090 ;
1002 4015 1038 4076 et
1064 4008 1187 4076 eisdem
1210 4009 1339 4076 Abbati
1363 4015 1397 4077 et
1420 4009 1506 4078 Con-

453 4119 471 4147 “
492 4114 618 4196 ventui,
635 4113 723 4200 quod
737 4113 801 4201 ipsi
820 4112 910 4178 idem
933 4112 1148 4200 mesuagium,
1173 4111 1243 4179 sive
1269 4118 1506 4191 tenementum,

454 4223 471 4250 “
494 4221 530 4281 et
544 4215 666 4294 kaiam,
682 4237 756 4280 cum
776 4214 982 4280 aisiamentis
1005 4219 1040 4280 et
1060 4213 1188 4281 caeteris
1203 4213 1272 4281 suis
1283 4215 1504 4301 pertinentiis,

454 4324 472 4351 “
494 4339 531 4383 ae
563 4317 696 4404 juribus
734 4317 989 4404 quibuscunque,
1029 4315 1194 4404 praedictis
1232 4317 1409 4404 mesuagio,
1434 4317 1506 4383 eive

453 4425 470 4454 “
493 4425 690 4501 tenemento,
714 4424 749 4485 et
771 4404 858 4497 kaie,
875 4419 1144 4506 qualitercunque
1166 4418 1422 4506 pertinentibus,
1442 4417 1506 4486 ‘de

488 4677 698 4731 ¹GortuinMS.
1034 4675 1334 4743 ’immmuminlffi

485 4755 624 4808 ’'Pheflrst
634 4757 738 4809 lettcris
748 4757 852 4808 omioeed
865 4777 872 4817 t
889 4761 917 4808 to
926 4758 959 4808 be
1034 4755 1138 4808 “rhea
1158 4763 1208 4808 two
1227 4757 1310 4807 words
1328 4769 1372 4808 are
1389 4757 1508 4821 repeated

455 4836 574 4901 supplied
584 4836 611 4886 ln
622 4835 799 4888 illuminatior.
1002 4833 1095 4886 inus.
