<?xml version="1.0" encoding="UTF-8"?>
<!DOCTYPE html PUBLIC "-//W3C//DTD XHTML 1.0 Transitional//EN"
    "http://www.w3.org/TR/xhtml1/DTD/xhtml1-transitional.dtd">
<html xmlns="http://www.w3.org/1999/xhtml" xml:lang="en" lang="en">
 <head>
  <title>
</title>
<meta http-equiv="Content-Type" content="text/html;charset=utf-8" />
  <meta name='ocr-system' content='tesseract 3.04.00' />
  <meta name='ocr-capabilities' content='ocr_page ocr_carea ocr_par ocr_line ocrx_word'/>
</head>
<body>
  <div class='ocr_page' id='page_1' title='image "./registraquorund00wallgoog_0198.png"; bbox 0 0 3582 5838; ppageno 0'>
   <div class='ocr_carea' id='block_1_1' title="bbox 427 859 1140 921">
    <p class='ocr_par' dir='ltr' id='par_1_1' title="bbox 427 859 1140 921">
     <span class='ocr_line' id='line_1_1' title="bbox 427 859 1140 921; baseline -0.001 0"><span class='ocrx_word' id='word_1_1' title='bbox 427 859 492 921; x_wconf 83' lang='lat'>140</span> <span class='ocrx_word' id='word_1_2' title='bbox 760 869 960 920; x_wconf 74' lang='lat' dir='ltr'>sacrararum</span> <span class='ocrx_word' id='word_1_3' title='bbox 982 869 1140 920; x_wconf 74' lang='lat' dir='ltr'>annana</span> 
     </span>
    </p>
   </div>
   <div class='ocr_carea' id='block_1_2' title="bbox 257 1053 1471 1148">
    <p class='ocr_par' dir='ltr' id='par_1_2' title="bbox 257 1053 1471 1148">
     <span class='ocr_line' id='line_1_2' title="bbox 257 1053 1471 1148; baseline -0.004 -18"><span class='ocrx_word' id='word_1_4' title='bbox 257 1057 478 1131; x_wconf 75' lang='lat' dir='ltr'>A.D.1454.D0</span> <span class='ocrx_word' id='word_1_5' title='bbox 500 1080 566 1145; x_wconf 89' lang='lat' dir='ltr'>quo</span> <span class='ocrx_word' id='word_1_6' title='bbox 588 1059 747 1148; x_wconf 81' lang='lat' dir='ltr'>regimine</span> <span class='ocrx_word' id='word_1_7' title='bbox 769 1079 835 1125; x_wconf 87' lang='lat' dir='ltr'>non</span> <span class='ocrx_word' id='word_1_8' title='bbox 859 1053 1003 1125; x_wconf 89' lang='lat' dir='ltr'>multum</span> <span class='ocrx_word' id='word_1_9' title='bbox 1035 1058 1120 1124; x_wconf 91' lang='lat' dir='ltr'>bene</span> <span class='ocrx_word' id='word_1_10' title='bbox 1143 1063 1320 1126; x_wconf 85' lang='lat' dir='ltr'>contentus</span> <span class='ocrx_word' id='word_1_11' title='bbox 1353 1058 1389 1124; x_wconf 91' lang='lat' dir='ltr'>in</span> <span class='ocrx_word' id='word_1_12' title='bbox 1411 1081 1471 1125; x_wconf 86' lang='lat' dir='ltr'>sua</span> 
     </span>
    </p>
   </div>
   <div class='ocr_carea' id='block_1_3' title="bbox 258 1161 1471 1251">
    <p class='ocr_par' dir='ltr' id='par_1_3' title="bbox 258 1161 1471 1251">
     <span class='ocr_line' id='line_1_3' title="bbox 258 1161 1471 1251; baseline 0.002 -26"><span class='ocrx_word' id='word_1_13' title='bbox 258 1168 543 1241; x_wconf 70' lang='lat' dir='ltr'>meanstmenee,</span> <span class='ocrx_word' id='word_1_14' title='bbox 574 1164 706 1251; x_wconf 86' lang='lat' dir='ltr'>rogavit</span> <span class='ocrx_word' id='word_1_15' title='bbox 740 1163 885 1228; x_wconf 83' lang='lat' dir='ltr'>Priorem</span> <span class='ocrx_word' id='word_1_16' title='bbox 917 1167 952 1227; x_wconf 88' lang='lat' dir='ltr'>et</span> <span class='ocrx_word' id='word_1_17' title='bbox 982 1161 1064 1228; x_wconf 85' lang='lat' dir='ltr'>alios</span> <span class='ocrx_word' id='word_1_18' title='bbox 1094 1169 1280 1249; x_wconf 70' lang='lat' dir='ltr'>praesentes,</span> <span class='ocrx_word' id='word_1_19' title='bbox 1302 1167 1343 1228; x_wconf 90' lang='lat' dir='ltr'>ut</span> <span class='ocrx_word' id='word_1_20' title='bbox 1367 1185 1471 1228; x_wconf 88' lang='lat' dir='ltr'>unum</span> 
     </span>
    </p>
   </div>
   <div class='ocr_carea' id='block_1_4' title="bbox 256 1245 1471 1368">
    <p class='ocr_par' dir='ltr' id='par_1_4' title="bbox 256 1245 1471 1368">
     <span class='ocr_line' id='line_1_4' title="bbox 256 1245 1471 1368; baseline -0.004 -34"><span class='ocrx_word' id='word_1_21' title='bbox 256 1245 400 1368; x_wconf 49' lang='lat' dir='ltr'>{ml-³02</span> <span class='ocrx_word' id='word_1_22' title='bbox 424 1264 479 1330; x_wconf 85' lang='lat' dir='ltr'>vel</span> <span class='ocrx_word' id='word_1_23' title='bbox 501 1266 583 1331; x_wconf 85' lang='lat' dir='ltr'>duos</span> <span class='ocrx_word' id='word_1_24' title='bbox 605 1266 646 1331; x_wconf 92' lang='lat' dir='ltr'>de</span> <span class='ocrx_word' id='word_1_25' title='bbox 668 1265 747 1352; x_wconf 84' lang='lat' dir='ltr'>ipsis</span> <span class='ocrx_word' id='word_1_26' title='bbox 761 1264 867 1352; x_wconf 81' lang='lat' dir='ltr'>magis</span> <span class='ocrx_word' id='word_1_27' title='bbox 881 1268 1028 1330; x_wconf 90' lang='lat' dir='ltr'>maturos</span> <span class='ocrx_word' id='word_1_28' title='bbox 1051 1262 1094 1328; x_wconf 92' lang='lat' dir='ltr'>ad</span> <span class='ocrx_word' id='word_1_29' title='bbox 1108 1265 1320 1351; x_wconf 76' lang='lat' dir='ltr'>praesentiam</span> <span class='ocrx_word' id='word_1_30' title='bbox 1335 1264 1471 1330; x_wconf 86' lang='lat' dir='ltr'><strong>Domini</strong></span> 
     </span>
    </p>
   </div>
   <div class='ocr_carea' id='block_1_5' title="bbox 134 1363 1471 1453">
    <p class='ocr_par' dir='ltr' id='par_1_5' title="bbox 134 1363 1471 1453">
     <span class='ocr_line' id='line_1_5' title="bbox 134 1363 1471 1453; baseline 0.003 -25"><span class='ocrx_word' id='word_1_31' title='bbox 134 1363 138 1376; x_wconf 88' lang='lat'>&#39;</span> <span class='ocrx_word' id='word_1_32' title='bbox 255 1371 391 1422; x_wconf 71' lang='lat' dir='ltr'>maome</span> <span class='ocrx_word' id='word_1_33' title='bbox 424 1367 567 1434; x_wconf 86' lang='lat' dir='ltr'>Abbatis</span> <span class='ocrx_word' id='word_1_34' title='bbox 599 1368 788 1448; x_wconf 71' lang='lat' dir='ltr'>dirigerent,</span> <span class='ocrx_word' id='word_1_35' title='bbox 822 1367 1109 1453; x_wconf 82' lang='lat' dir='ltr'>significarentque</span> <span class='ocrx_word' id='word_1_36' title='bbox 1140 1365 1213 1444; x_wconf 85' lang='lat' dir='ltr'>sibi,</span> <span class='ocrx_word' id='word_1_37' title='bbox 1249 1367 1326 1452; x_wconf 88' lang='lat' dir='ltr'>quia</span> <span class='ocrx_word' id='word_1_38' title='bbox 1363 1366 1471 1433; x_wconf 85' lang='lat' dir='ltr'>noluit</span> 
     </span>
    </p>
   </div>
   <div class='ocr_carea' id='block_1_6' title="bbox 255 1437 1470 1557">
    <p class='ocr_par' dir='ltr' id='par_1_6' title="bbox 255 1437 1470 1557">
     <span class='ocr_line' id='line_1_6' title="bbox 255 1437 1470 1557; baseline 0 -23"><span class='ocrx_word' id='word_1_39' title='bbox 255 1437 381 1556; x_wconf 51' lang='lat' dir='ltr'>iffi„</span> <span class='ocrx_word' id='word_1_40' title='bbox 423 1471 493 1557; x_wconf 86' lang='lat' dir='ltr'>ipse</span> <span class='ocrx_word' id='word_1_41' title='bbox 515 1469 621 1536; x_wconf 89' lang='lat' dir='ltr'>redire</span> <span class='ocrx_word' id='word_1_42' title='bbox 651 1492 726 1536; x_wconf 90' lang='lat' dir='ltr'>oum</span> <span class='ocrx_word' id='word_1_43' title='bbox 756 1469 945 1556; x_wconf 89' lang='lat' dir='ltr'>hujusmodi</span> <span class='ocrx_word' id='word_1_44' title='bbox 978 1490 1095 1556; x_wconf 86' lang='lat' dir='ltr'>genere</span> <span class='ocrx_word' id='word_1_45' title='bbox 1125 1469 1280 1556; x_wconf 79' lang='lat' dir='ltr'>responsi,</span> <span class='ocrx_word' id='word_1_46' title='bbox 1304 1469 1386 1555; x_wconf 91' lang='lat' dir='ltr'>quid</span> <span class='ocrx_word' id='word_1_47' title='bbox 1407 1469 1470 1557; x_wconf 86' lang='lat' dir='ltr'>ipsi</span> 
     </span>
    </p>
   </div>
   <div class='ocr_carea' id='block_1_7' title="bbox 255 1572 1471 2270">
    <p class='ocr_par' dir='ltr' id='par_1_7' title="bbox 255 1572 1471 2270">
     <span class='ocr_line' id='line_1_7' title="bbox 423 1572 1034 1660; baseline -0.007 -22"><span class='ocrx_word' id='word_1_48' title='bbox 423 1573 460 1638; x_wconf 92' lang='lat' dir='ltr'>in</span> <span class='ocrx_word' id='word_1_49' title='bbox 482 1573 620 1639; x_wconf 87' lang='lat' dir='ltr'>materia</span> <span class='ocrx_word' id='word_1_50' title='bbox 642 1572 866 1660; x_wconf 87' lang='lat' dir='ltr'>persentirent.</span> <span class='ocrx_word' id='word_1_51' title='bbox 1011 1601 1034 1659; x_wconf 62' lang='lat'>0</span> 
     </span>
     <span class='ocr_line' id='line_1_8' title="bbox 256 1671 1470 1762; baseline -0.002 -22"><span class='ocrx_word' id='word_1_52' title='bbox 256 1699 412 1752; x_wconf 46' lang='lat' dir='ltr'>Theman.</span> <span class='ocrx_word' id='word_1_53' title='bbox 470 1674 563 1740; x_wconf 85' lang='lat' dir='ltr'>liissi</span> <span class='ocrx_word' id='word_1_54' title='bbox 588 1675 692 1762; x_wconf 84' lang='lat' dir='ltr'>igitur</span> <span class='ocrx_word' id='word_1_55' title='bbox 716 1674 854 1740; x_wconf 84' lang='lat' dir='ltr'>fuerunt</span> <span class='ocrx_word' id='word_1_56' title='bbox 880 1672 924 1737; x_wconf 90' lang='lat' dir='ltr'>ad</span> <span class='ocrx_word' id='word_1_57' title='bbox 950 1672 1131 1739; x_wconf 92' lang='lat' dir='ltr'>Dominum</span> <span class='ocrx_word' id='word_1_58' title='bbox 1154 1671 1320 1738; x_wconf 89' lang='lat' dir='ltr'>Abbatem</span> <span class='ocrx_word' id='word_1_59' title='bbox 1351 1671 1470 1758; x_wconf 81' lang='lat' dir='ltr'>chui·</span> 
     </span>
     <span class='ocr_line' id='line_1_9' title="bbox 255 1770 1469 1884; baseline -0.002 -41"><span class='ocrx_word' id='word_1_60' title='bbox 255 1770 376 1884; x_wconf 57' lang='lat' dir='ltr'>{nerana</span> <span class='ocrx_word' id='word_1_61' title='bbox 424 1777 536 1842; x_wconf 89' lang='lat' dir='ltr'>narius</span> <span class='ocrx_word' id='word_1_62' title='bbox 560 1777 758 1855; x_wconf 80' lang='lat' dir='ltr'>Conventus,</span> <span class='ocrx_word' id='word_1_63' title='bbox 782 1782 817 1842; x_wconf 88' lang='lat' dir='ltr'>et</span> <span class='ocrx_word' id='word_1_64' title='bbox 839 1775 1004 1856; x_wconf 87' lang='lat' dir='ltr'>Sacrista;</span> <span class='ocrx_word' id='word_1_65' title='bbox 1034 1775 1100 1862; x_wconf 89' lang='lat' dir='ltr'>qui,</span> <span class='ocrx_word' id='word_1_66' title='bbox 1124 1775 1294 1842; x_wconf 86' lang='lat' dir='ltr'>venientes</span> <span class='ocrx_word' id='word_1_67' title='bbox 1320 1775 1363 1840; x_wconf 88' lang='lat' dir='ltr'>ad</span> <span class='ocrx_word' id='word_1_68' title='bbox 1385 1797 1469 1854; x_wconf 88' lang='lat' dir='ltr'>eum,</span> 
     </span>
     <span class='ocr_line' id='line_1_10' title="bbox 255 1841 1470 1967; baseline -0.007 -17"><span class='ocrx_word' id='word_1_69' title='bbox 255 1841 374 1952; x_wconf 61' lang='lat' dir='ltr'>ffl„</span> <span class='ocrx_word' id='word_1_70' title='bbox 424 1879 635 1967; x_wconf 74' lang='lat' dir='ltr'>exponebant</span> <span class='ocrx_word' id='word_1_71' title='bbox 656 1901 753 1944; x_wconf 91' lang='lat' dir='ltr'>suum</span> <span class='ocrx_word' id='word_1_72' title='bbox 772 1878 940 1955; x_wconf 89' lang='lat' dir='ltr'>nuncium,</span> <span class='ocrx_word' id='word_1_73' title='bbox 955 1877 1016 1942; x_wconf 89' lang='lat' dir='ltr'>sub</span> <span class='ocrx_word' id='word_1_74' title='bbox 1038 1877 1105 1943; x_wconf 87' lang='lat' dir='ltr'>ista</span> <span class='ocrx_word' id='word_1_75' title='bbox 1123 1876 1230 1942; x_wconf 86' lang='lat' dir='ltr'>forma</span> <span class='ocrx_word' id='word_1_76' title='bbox 1241 1878 1470 1959; x_wconf 78' lang='lat' dir='ltr'>2—“Misistis,</span> 
     </span>
     <span class='ocr_line' id='line_1_11' title="bbox 255 1967 1471 2086; baseline -0.002 -38"><span class='ocrx_word' id='word_1_77' title='bbox 255 1967 393 2086; x_wconf 48' lang='lat' dir='ltr'>W*</span> <span class='ocrx_word' id='word_1_78' title='bbox 425 1990 443 2016; x_wconf 79' lang='lat'>‘⁴</span> <span class='ocrx_word' id='word_1_79' title='bbox 464 1987 567 2068; x_wconf 89' lang='lat' dir='ltr'>pater,</span> <span class='ocrx_word' id='word_1_80' title='bbox 594 1981 647 2047; x_wconf 90' lang='lat' dir='ltr'>die</span> <span class='ocrx_word' id='word_1_81' title='bbox 671 1981 763 2068; x_wconf 88' lang='lat' dir='ltr'>lapse</span> <span class='ocrx_word' id='word_1_82' title='bbox 786 1980 829 2046; x_wconf 92' lang='lat' dir='ltr'>ad</span> <span class='ocrx_word' id='word_1_83' title='bbox 854 1979 1001 2045; x_wconf 86' lang='lat' dir='ltr'>Priorem</span> <span class='ocrx_word' id='word_1_84' title='bbox 1025 1985 1060 2046; x_wconf 89' lang='lat' dir='ltr'>et</span> <span class='ocrx_word' id='word_1_85' title='bbox 1086 1978 1296 2046; x_wconf 82' lang='lat' dir='ltr'>Conventum</span> <span class='ocrx_word' id='word_1_86' title='bbox 1323 1979 1471 2068; x_wconf 76' lang='lat' dir='ltr'>Capella·</span> 
     </span>
     <span class='ocr_line' id='line_1_12' title="bbox 256 2048 1469 2170; baseline 0 -21"><span class='ocrx_word' id='word_1_87' title='bbox 256 2048 298 2098; x_wconf 57' lang='lat'>⁰³</span> <span class='ocrx_word' id='word_1_88' title='bbox 348 2049 544 2149; x_wconf 51' lang='lat' dir='ltr'>0¹1⁸&#39;“num</span> <span class='ocrx_word' id='word_1_89' title='bbox 567 2088 714 2150; x_wconf 86' lang='lat' dir='ltr'>vestrum</span> <span class='ocrx_word' id='word_1_90' title='bbox 738 2083 909 2163; x_wconf 84' lang='lat' dir='ltr'>seniorem,</span> <span class='ocrx_word' id='word_1_91' title='bbox 932 2083 976 2148; x_wconf 89' lang='lat' dir='ltr'>ad</span> <span class='ocrx_word' id='word_1_92' title='bbox 1002 2081 1253 2170; x_wconf 82' lang='lat' dir='ltr'>significandum</span> <span class='ocrx_word' id='word_1_93' title='bbox 1276 2082 1365 2170; x_wconf 90' lang='lat' dir='ltr'>ipsis,</span> <span class='ocrx_word' id='word_1_94' title='bbox 1390 2105 1469 2170; x_wconf 91' lang='lat' dir='ltr'>quo-</span> 
     </span>
     <span class='ocr_line' id='line_1_13' title="bbox 422 2184 1470 2270; baseline -0.002 -18"><span class='ocrx_word' id='word_1_95' title='bbox 422 2193 440 2222; x_wconf 92' lang='lat'><strong>“</strong></span> <span class='ocrx_word' id='word_1_96' title='bbox 463 2186 560 2252; x_wconf 88' lang='lat' dir='ltr'>modo</span> <span class='ocrx_word' id='word_1_97' title='bbox 595 2187 712 2252; x_wconf 82' lang='lat' dir='ltr'>Frater</span> <span class='ocrx_word' id='word_1_98' title='bbox 747 2185 912 2251; x_wconf 89' lang='lat' dir='ltr'>Henrieus</span> <span class='ocrx_word' id='word_1_99' title='bbox 948 2184 1109 2250; x_wconf 88' lang='lat' dir='ltr'>Halstede</span> <span class='ocrx_word' id='word_1_100' title='bbox 1147 2184 1244 2270; x_wconf 90' lang='lat' dir='ltr'>plura</span> <span class='ocrx_word' id='word_1_101' title='bbox 1277 2185 1470 2270; x_wconf 88' lang='lat' dir='ltr'>promiserat</span> 
     </span>
    </p>
   </div>
   <div class='ocr_carea' id='block_1_8' title="bbox 423 2286 1577 2372">
    <p class='ocr_par' dir='ltr' id='par_1_8' title="bbox 423 2286 1577 2372">
     <span class='ocr_line' id='line_1_14' title="bbox 423 2286 1577 2372; baseline 0 -18"><span class='ocrx_word' id='word_1_102' title='bbox 423 2294 441 2323; x_wconf 90' lang='lat'>“</span> <span class='ocrx_word' id='word_1_103' title='bbox 462 2288 576 2370; x_wconf 85' lang='lat' dir='ltr'>facere,</span> <span class='ocrx_word' id='word_1_104' title='bbox 606 2287 783 2353; x_wconf 88' lang='lat' dir='ltr'>dummodo</span> <span class='ocrx_word' id='word_1_105' title='bbox 812 2287 936 2352; x_wconf 89' lang='lat' dir='ltr'>iterum</span> <span class='ocrx_word' id='word_1_106' title='bbox 965 2286 1071 2351; x_wconf 89' lang='lat' dir='ltr'>redire</span> <span class='ocrx_word' id='word_1_107' title='bbox 1100 2293 1210 2372; x_wconf 89' lang='lat' dir='ltr'>posset</span> <span class='ocrx_word' id='word_1_108' title='bbox 1245 2286 1289 2352; x_wconf 87' lang='lat' dir='ltr'>sd</span> <span class='ocrx_word' id='word_1_109' title='bbox 1318 2287 1469 2354; x_wconf 78' lang='lat' dir='ltr'>Ecclesiae</span> <span class='ocrx_word' id='word_1_110' title='bbox 1572 2328 1577 2342; x_wconf 90' lang='lat'><strong>·</strong></span> 
     </span>
    </p>
   </div>
   <div class='ocr_carea' id='block_1_9' title="bbox 253 2386 1471 4422">
    <p class='ocr_par' dir='ltr' id='par_1_9' title="bbox 253 2386 1471 4422">
     <span class='ocr_line' id='line_1_15' title="bbox 422 2386 1469 2478; baseline -0.002 -21"><span class='ocrx_word' id='word_1_111' title='bbox 422 2397 441 2428; x_wconf 88' lang='lat'><strong>“</strong></span> <span class='ocrx_word' id='word_1_112' title='bbox 462 2391 633 2478; x_wconf 85' lang='lat' dir='ltr'>gremium,</span> <span class='ocrx_word' id='word_1_113' title='bbox 659 2394 694 2456; x_wconf 93' lang='lat' dir='ltr'>et</span> <span class='ocrx_word' id='word_1_114' title='bbox 719 2389 882 2478; x_wconf 87' lang='lat' dir='ltr'>posterius</span> <span class='ocrx_word' id='word_1_115' title='bbox 905 2387 1030 2454; x_wconf 80' lang='lat' dir='ltr'>Gallam</span> <span class='ocrx_word' id='word_1_116' title='bbox 1052 2392 1195 2453; x_wconf 83' lang='lat' dir='ltr'>vestram</span> <span class='ocrx_word' id='word_1_117' title='bbox 1222 2388 1263 2455; x_wconf 93' lang='lat' dir='ltr'>de</span> <span class='ocrx_word' id='word_1_118' title='bbox 1292 2386 1469 2475; x_wconf 88' lang='lat' dir='ltr'>¹Bynham</span> 
     </span>
     <span class='ocr_line' id='line_1_16' title="bbox 422 2490 1468 2582; baseline 0 -24"><span class='ocrx_word' id='word_1_119' title='bbox 422 2499 439 2528; x_wconf 90' lang='lat'><strong><em>“</em></strong></span> <span class='ocrx_word' id='word_1_120' title='bbox 461 2493 581 2559; x_wconf 87' lang='lat' dir='ltr'>habere</span> <span class='ocrx_word' id='word_1_121' title='bbox 604 2493 642 2557; x_wconf 89' lang='lat' dir='ltr'>in</span> <span class='ocrx_word' id='word_1_122' title='bbox 664 2491 913 2582; x_wconf 76' lang='lat' dir='ltr'>gubernatione.</span> <span class='ocrx_word' id='word_1_123' title='bbox 960 2490 1069 2568; x_wconf 90' lang='lat' dir='ltr'>Pater,</span> <span class='ocrx_word' id='word_1_124' title='bbox 1092 2512 1135 2555; x_wconf 87' lang='lat' dir='ltr'>ne</span> <span class='ocrx_word' id='word_1_125' title='bbox 1154 2490 1334 2576; x_wconf 79' lang='lat' dir='ltr'>displiceat,</span> <span class='ocrx_word' id='word_1_126' title='bbox 1349 2497 1468 2579; x_wconf 86' lang='lat' dir='ltr'>rogant</span> 
     </span>
     <span class='ocr_line' id='line_1_17' title="bbox 421 2593 1469 2682; baseline 0 -23"><span class='ocrx_word' id='word_1_127' title='bbox 421 2594 525 2682; x_wconf 86' lang='lat' dir='ltr'>“ipsi</span> <span class='ocrx_word' id='word_1_128' title='bbox 554 2615 675 2674; x_wconf 88' lang='lat' dir='ltr'>omnes,</span> <span class='ocrx_word' id='word_1_129' title='bbox 705 2593 901 2681; x_wconf 77' lang='lat' dir='ltr'>paternitati</span> <span class='ocrx_word' id='word_1_130' title='bbox 929 2597 1071 2672; x_wconf 78' lang='lat' dir='ltr'>vestrae3</span> <span class='ocrx_word' id='word_1_131' title='bbox 1107 2613 1175 2656; x_wconf 91' lang='lat' dir='ltr'>non</span> <span class='ocrx_word' id='word_1_132' title='bbox 1211 2593 1320 2679; x_wconf 78' lang='lat' dir='ltr'>planet</span> <span class='ocrx_word' id='word_1_133' title='bbox 1356 2595 1403 2658; x_wconf 85' lang='lat' dir='ltr'>eis</span> <span class='ocrx_word' id='word_1_134' title='bbox 1432 2595 1469 2659; x_wconf 91' lang='lat' dir='ltr'>in</span> 
     </span>
     <span class='ocr_line' id='line_1_18' title="bbox 421 2693 1469 2783; baseline 0 -21"><span class='ocrx_word' id='word_1_135' title='bbox 421 2696 571 2783; x_wconf 88' lang='lat' dir='ltr'>“aliquo</span> <span class='ocrx_word' id='word_1_136' title='bbox 596 2696 686 2762; x_wconf 80' lang='lat' dir='ltr'>illius</span> <span class='ocrx_word' id='word_1_137' title='bbox 710 2696 823 2762; x_wconf 84' lang='lat' dir='ltr'>fratris</span> <span class='ocrx_word' id='word_1_138' title='bbox 852 2695 988 2776; x_wconf 87' lang='lat' dir='ltr'>reditus,</span> <span class='ocrx_word' id='word_1_139' title='bbox 1014 2715 1074 2759; x_wconf 90' lang='lat' dir='ltr'>neo</span> <span class='ocrx_word' id='word_1_140' title='bbox 1099 2693 1217 2760; x_wconf 85' lang='lat' dir='ltr'>volunt</span> <span class='ocrx_word' id='word_1_141' title='bbox 1247 2695 1311 2780; x_wconf 91' lang='lat' dir='ltr'>ipsi</span> <span class='ocrx_word' id='word_1_142' title='bbox 1336 2717 1469 2762; x_wconf 85' lang='lat' dir='ltr'>consen-</span> 
     </span>
     <span class='ocr_line' id='line_1_19' title="bbox 421 2798 1469 2884; baseline 0.001 -20"><span class='ocrx_word' id='word_1_143' title='bbox 421 2800 527 2864; x_wconf 87' lang='lat' dir='ltr'>“tire</span> <span class='ocrx_word' id='word_1_144' title='bbox 557 2799 624 2864; x_wconf 92' lang='lat' dir='ltr'>ullo</span> <span class='ocrx_word' id='word_1_145' title='bbox 653 2799 769 2879; x_wconf 90' lang='lat' dir='ltr'>medio,</span> <span class='ocrx_word' id='word_1_146' title='bbox 792 2802 832 2864; x_wconf 88' lang='lat' dir='ltr'>ut</span> <span class='ocrx_word' id='word_1_147' title='bbox 860 2798 916 2862; x_wconf 92' lang='lat' dir='ltr'>ille</span> <span class='ocrx_word' id='word_1_148' title='bbox 945 2798 1210 2884; x_wconf 81' lang='lat' dir='ltr'>incorporaretur</span> <span class='ocrx_word' id='word_1_149' title='bbox 1239 2819 1351 2862; x_wconf 85' lang='lat' dir='ltr'>rursus</span> <span class='ocrx_word' id='word_1_150' title='bbox 1379 2798 1469 2865; x_wconf 89' lang='lat' dir='ltr'>inter</span> 
     </span>
     <span class='ocr_line' id='line_1_20' title="bbox 422 2898 1468 2988; baseline -0.001 -21"><span class='ocrx_word' id='word_1_151' title='bbox 422 2911 439 2938; x_wconf 90' lang='lat'><strong>“</strong></span> <span class='ocrx_word' id='word_1_152' title='bbox 461 2901 578 2988; x_wconf 86' lang='lat' dir='ltr'>ipsos.&#39;&#39;</span> <span class='ocrx_word' id='word_1_153' title='bbox 624 2901 746 2981; x_wconf 77' lang='lat' dir='ltr'>abbas,</span> <span class='ocrx_word' id='word_1_154' title='bbox 769 2900 930 2966; x_wconf 87' lang='lat' dir='ltr'>nuncium</span> <span class='ocrx_word' id='word_1_155' title='bbox 956 2899 1048 2965; x_wconf 83' lang='lat' dir='ltr'>istud</span> <span class='ocrx_word' id='word_1_156' title='bbox 1073 2898 1220 2977; x_wconf 90' lang='lat' dir='ltr'>audiens,</span> <span class='ocrx_word' id='word_1_157' title='bbox 1240 2905 1274 2965; x_wconf 93' lang='lat' dir='ltr'>et</span> <span class='ocrx_word' id='word_1_158' title='bbox 1299 2900 1417 2966; x_wconf 83' lang='lat' dir='ltr'>iratres</span> <span class='ocrx_word' id='word_1_159' title='bbox 1432 2901 1468 2966; x_wconf 94' lang='lat' dir='ltr'>in</span> 
     </span>
     <span class='ocr_line' id='line_1_21' title="bbox 422 3001 1470 3091; baseline -0.002 -21"><span class='ocrx_word' id='word_1_160' title='bbox 422 3005 491 3072; x_wconf 83' lang='lat' dir='ltr'>suis</span> <span class='ocrx_word' id='word_1_161' title='bbox 520 3004 617 3070; x_wconf 87' lang='lat' dir='ltr'>dictis</span> <span class='ocrx_word' id='word_1_162' title='bbox 646 3004 851 3070; x_wconf 81' lang='lat' dir='ltr'>voluntarios</span> <span class='ocrx_word' id='word_1_163' title='bbox 885 3002 998 3091; x_wconf 87' lang='lat' dir='ltr'>potius</span> <span class='ocrx_word' id='word_1_164' title='bbox 1028 3023 1127 3088; x_wconf 89' lang='lat' dir='ltr'>quam</span> <span class='ocrx_word' id='word_1_165' title='bbox 1156 3001 1370 3068; x_wconf 72' lang='lat' dir='ltr'>rationabiles</span> <span class='ocrx_word' id='word_1_166' title='bbox 1399 3025 1470 3070; x_wconf 86' lang='lat' dir='ltr'>esse</span> 
     </span>
     <span class='ocr_line' id='line_1_22' title="bbox 254 3103 1470 3195; baseline -0.001 -22"><span class='ocrx_word' id='word_1_167' title='bbox 254 3130 410 3193; x_wconf 73' lang='lat' dir='ltr'>meabant,</span> <span class='ocrx_word' id='word_1_168' title='bbox 421 3107 618 3195; x_wconf 88' lang='lat' dir='ltr'>intelligens,</span> <span class='ocrx_word' id='word_1_169' title='bbox 643 3106 822 3194; x_wconf 85' lang='lat' dir='ltr'>replicabat</span> <span class='ocrx_word' id='word_1_170' title='bbox 848 3110 964 3171; x_wconf 87' lang='lat' dir='ltr'>contra</span> <span class='ocrx_word' id='word_1_171' title='bbox 990 3104 1087 3191; x_wconf 90' lang='lat' dir='ltr'>ipaos,</span> <span class='ocrx_word' id='word_1_172' title='bbox 1110 3103 1159 3169; x_wconf 90' lang='lat' dir='ltr'>ita</span> <span class='ocrx_word' id='word_1_173' title='bbox 1183 3104 1294 3171; x_wconf 86' lang='lat' dir='ltr'>dicens</span> <span class='ocrx_word' id='word_1_174' title='bbox 1307 3107 1470 3172; x_wconf 79' lang='lat' dir='ltr'>2-“Te·</span> 
     </span>
     <span class='ocr_line' id='line_1_23' title="bbox 253 3197 1471 3314; baseline -0.002 -40"><span class='ocrx_word' id='word_1_175' title='bbox 253 3197 411 3314; x_wconf 50' lang='lat' dir='ltr'>ffl‘lssfigg</span> <span class='ocrx_word' id='word_1_176' title='bbox 424 3217 442 3245; x_wconf 92' lang='lat'><strong>“</strong></span> <span class='ocrx_word' id='word_1_177' title='bbox 464 3210 598 3288; x_wconf 91' lang='lat' dir='ltr'>nemini,</span> <span class='ocrx_word' id='word_1_178' title='bbox 619 3209 747 3286; x_wconf 87' lang='lat' dir='ltr'>fratres,</span> <span class='ocrx_word' id='word_1_179' title='bbox 764 3208 804 3273; x_wconf 94' lang='lat' dir='ltr'>de</span> <span class='ocrx_word' id='word_1_180' title='bbox 822 3208 898 3294; x_wconf 90' lang='lat' dir='ltr'>jure</span> <span class='ocrx_word' id='word_1_181' title='bbox 918 3210 1086 3294; x_wconf 85' lang='lat' dir='ltr'>apostatas</span> <span class='ocrx_word' id='word_1_182' title='bbox 1109 3211 1246 3285; x_wconf 86' lang='lat' dir='ltr'>vestros,</span> <span class='ocrx_word' id='word_1_183' title='bbox 1267 3229 1341 3272; x_wconf 90' lang='lat' dir='ltr'>cum</span> <span class='ocrx_word' id='word_1_184' title='bbox 1364 3207 1471 3294; x_wconf 84' lang='lat' dir='ltr'>lacry-</span> 
     </span>
     <span class='ocr_line' id='line_1_24' title="bbox 255 3307 1469 3396; baseline -0.004 -15"><span class='ocrx_word' id='word_1_185' title='bbox 255 3329 407 3392; x_wconf 61' lang='lat' dir='ltr'>wis-pillea,</span> <span class='ocrx_word' id='word_1_186' title='bbox 423 3318 440 3346; x_wconf 92' lang='lat'><strong>“</strong></span> <span class='ocrx_word' id='word_1_187' title='bbox 462 3312 525 3376; x_wconf 89' lang='lat' dir='ltr'>mis</span> <span class='ocrx_word' id='word_1_188' title='bbox 548 3317 759 3390; x_wconf 85' lang='lat' dir='ltr'>revertentes,</span> <span class='ocrx_word' id='word_1_189' title='bbox 786 3310 909 3376; x_wconf 87' lang='lat' dir='ltr'>nedum</span> <span class='ocrx_word' id='word_1_190' title='bbox 933 3309 1054 3375; x_wconf 89' lang='lat' dir='ltr'>iterum</span> <span class='ocrx_word' id='word_1_191' title='bbox 1081 3309 1234 3396; x_wconf 84' lang='lat' dir='ltr'>recipere,</span> <span class='ocrx_word' id='word_1_192' title='bbox 1261 3307 1469 3396; x_wconf 79' lang='lat' dir='ltr'>²quinimmo</span> 
     </span>
     <span class='ocr_line' id='line_1_25' title="bbox 253 3402 1470 3513; baseline 0.001 -35"><span class='ocrx_word' id='word_1_193' title='bbox 253 3402 388 3513; x_wconf 51' lang='lat' dir='ltr'>ffiie&#39;ffi</span> <span class='ocrx_word' id='word_1_194' title='bbox 424 3420 442 3450; x_wconf 90' lang='lat'><strong><em>“</em></strong></span> <span class='ocrx_word' id='word_1_195' title='bbox 465 3413 612 3494; x_wconf 82' lang='lat' dir='ltr'>ulterius,</span> <span class='ocrx_word' id='word_1_196' title='bbox 634 3413 821 3499; x_wconf 88' lang='lat' dir='ltr'>perquirere</span> <span class='ocrx_word' id='word_1_197' title='bbox 847 3416 1034 3499; x_wconf 83' lang='lat' dir='ltr'>evagantes,</span> <span class='ocrx_word' id='word_1_198' title='bbox 1058 3433 1095 3476; x_wconf 90' lang='lat' dir='ltr'>ac</span> <span class='ocrx_word' id='word_1_199' title='bbox 1118 3411 1215 3498; x_wconf 90' lang='lat' dir='ltr'>ipsos,</span> <span class='ocrx_word' id='word_1_200' title='bbox 1239 3413 1404 3492; x_wconf 87' lang='lat' dir='ltr'>inventos,</span> <span class='ocrx_word' id='word_1_201' title='bbox 1426 3414 1470 3479; x_wconf 91' lang='lat' dir='ltr'>ad</span> 
     </span>
     <span class='ocr_line' id='line_1_26' title="bbox 253 3513 1469 3601; baseline 0.002 -21"><span class='ocrx_word' id='word_1_202' title='bbox 253 3529 359 3580; x_wconf 73' lang='lat' dir='ltr'>themar</span> <span class='ocrx_word' id='word_1_203' title='bbox 425 3521 442 3550; x_wconf 91' lang='lat'><strong>“</strong></span> <span class='ocrx_word' id='word_1_204' title='bbox 465 3514 639 3580; x_wconf 83' lang='lat' dir='ltr'>claustrale</span> <span class='ocrx_word' id='word_1_205' title='bbox 658 3513 778 3601; x_wconf 87' lang='lat' dir='ltr'>jugum</span> <span class='ocrx_word' id='word_1_206' title='bbox 809 3535 920 3579; x_wconf 84' lang='lat' dir='ltr'>rursus</span> <span class='ocrx_word' id='word_1_207' title='bbox 949 3533 1110 3579; x_wconf 89' lang='lat' dir='ltr'>revocare.</span> <span class='ocrx_word' id='word_1_208' title='bbox 1156 3514 1296 3594; x_wconf 83' lang='lat' dir='ltr'>Fratres,</span> <span class='ocrx_word' id='word_1_209' title='bbox 1319 3537 1387 3582; x_wconf 91' lang='lat' dir='ltr'>non</span> <span class='ocrx_word' id='word_1_210' title='bbox 1415 3517 1469 3582; x_wconf 92' lang='lat' dir='ltr'>hic</span> 
     </span>
     <span class='ocr_line' id='line_1_27' title="bbox 253 3594 1467 3727; baseline 0.003 -46"><span class='ocrx_word' id='word_1_211' title='bbox 253 3594 411 3727; x_wconf 50' lang='lat' dir='ltr'>{ffigm</span> <span class='ocrx_word' id='word_1_212' title='bbox 424 3623 442 3652; x_wconf 91' lang='lat'><strong><em>“</em></strong></span> <span class='ocrx_word' id='word_1_213' title='bbox 465 3617 628 3682; x_wconf 85' lang='lat' dir='ltr'>Henrieus</span> <span class='ocrx_word' id='word_1_214' title='bbox 643 3621 802 3702; x_wconf 82' lang='lat' dir='ltr'>apostata,</span> <span class='ocrx_word' id='word_1_215' title='bbox 823 3614 956 3694; x_wconf 82' lang='lat' dir='ltr'>³immo,</span> <span class='ocrx_word' id='word_1_216' title='bbox 971 3615 1158 3694; x_wconf 90' lang='lat' dir='ltr'>monachus,</span> <span class='ocrx_word' id='word_1_217' title='bbox 1181 3638 1249 3682; x_wconf 90' lang='lat' dir='ltr'>non</span> <span class='ocrx_word' id='word_1_218' title='bbox 1263 3617 1467 3699; x_wconf 70' lang='lat' dir='ltr'>*sarabaita</span> 
     </span>
     <span class='ocr_line' id='line_1_28' title="bbox 424 3717 1467 3808; baseline 0.003 -24"><span class='ocrx_word' id='word_1_219' title='bbox 424 3726 441 3756; x_wconf 89' lang='lat'><strong>“</strong></span> <span class='ocrx_word' id='word_1_220' title='bbox 463 3717 598 3802; x_wconf 79' lang='lat' dir='ltr'>³imm0,</span> <span class='ocrx_word' id='word_1_221' title='bbox 621 3719 815 3800; x_wconf 68' lang='lat' dir='ltr'>coenobicus,</span> <span class='ocrx_word' id='word_1_222' title='bbox 839 3717 970 3797; x_wconf 78' lang='lat' dir='ltr'>⁸i1nmo‚</span> <span class='ocrx_word' id='word_1_223' title='bbox 995 3718 1090 3784; x_wconf 88' lang='lat' dir='ltr'>Prior</span> <span class='ocrx_word' id='word_1_224' title='bbox 1112 3725 1147 3785; x_wconf 87' lang='lat' dir='ltr'>et</span> <span class='ocrx_word' id='word_1_225' title='bbox 1176 3722 1380 3808; x_wconf 73' lang='lat' dir='ltr'>praepositus,</span> <span class='ocrx_word' id='word_1_226' title='bbox 1406 3721 1467 3788; x_wconf 90' lang='lat' dir='ltr'>sub</span> 
     </span>
     <span class='ocr_line' id='line_1_29' title="bbox 422 3820 1467 3911; baseline 0.001 -24"><span class='ocrx_word' id='word_1_227' title='bbox 422 3831 440 3858; x_wconf 88' lang='lat'><em>“</em></span> <span class='ocrx_word' id='word_1_228' title='bbox 462 3822 595 3888; x_wconf 86' lang='lat' dir='ltr'>Abbate</span> <span class='ocrx_word' id='word_1_229' title='bbox 613 3829 648 3888; x_wconf 90' lang='lat' dir='ltr'>et</span> <span class='ocrx_word' id='word_1_230' title='bbox 667 3828 799 3909; x_wconf 86' lang='lat' dir='ltr'>pastore</span> <span class='ocrx_word' id='word_1_231' title='bbox 813 3820 980 3888; x_wconf 85' lang='lat' dir='ltr'>claustrali</span> <span class='ocrx_word' id='word_1_232' title='bbox 1001 3822 1098 3887; x_wconf 92' lang='lat' dir='ltr'>modo</span> <span class='ocrx_word' id='word_1_233' title='bbox 1118 3822 1244 3910; x_wconf 81' lang='lat' dir='ltr'>degens</span> <span class='ocrx_word' id='word_1_234' title='bbox 1291 3823 1383 3890; x_wconf 88' lang='lat' dir='ltr'>Licet</span> <span class='ocrx_word' id='word_1_235' title='bbox 1404 3823 1467 3911; x_wconf 83' lang='lat' dir='ltr'>igi·</span> 
     </span>
     <span class='ocr_line' id='line_1_30' title="bbox 421 3922 1468 4011; baseline 0 -21"><span class='ocrx_word' id='word_1_236' title='bbox 421 3929 518 3991; x_wconf 85' lang='lat' dir='ltr'>“tur</span> <span class='ocrx_word' id='word_1_237' title='bbox 544 3946 750 4011; x_wconf 87' lang='lat' dir='ltr'>nequaquam</span> <span class='ocrx_word' id='word_1_238' title='bbox 777 3925 817 3990; x_wconf 86' lang='lat' dir='ltr'>de</span> <span class='ocrx_word' id='word_1_239' title='bbox 839 3923 916 4009; x_wconf 88' lang='lat' dir='ltr'>jure</span> <span class='ocrx_word' id='word_1_240' title='bbox 943 3922 1081 4002; x_wconf 88' lang='lat' dir='ltr'>Statuti,</span> <span class='ocrx_word' id='word_1_241' title='bbox 1106 3924 1177 3990; x_wconf 88' lang='lat' dir='ltr'>sive</span> <span class='ocrx_word' id='word_1_242' title='bbox 1203 3925 1468 4005; x_wconf 84' lang='lat' dir='ltr'>Constitutionis,</span> 
     </span>
     <span class='ocr_line' id='line_1_31' title="bbox 421 4025 1468 4114; baseline 0.002 -22"><span class='ocrx_word' id='word_1_243' title='bbox 421 4037 439 4062; x_wconf 90' lang='lat'><strong><em>“</em></strong></span> <span class='ocrx_word' id='word_1_244' title='bbox 461 4029 502 4094; x_wconf 89' lang='lat' dir='ltr'>de</span> <span class='ocrx_word' id='word_1_245' title='bbox 531 4026 603 4114; x_wconf 84' lang='lat' dir='ltr'>lege</span> <span class='ocrx_word' id='word_1_246' title='bbox 632 4033 744 4094; x_wconf 87' lang='lat' dir='ltr'>tamen</span> <span class='ocrx_word' id='word_1_247' title='bbox 780 4027 916 4114; x_wconf 88' lang='lat' dir='ltr'>pietatis</span> <span class='ocrx_word' id='word_1_248' title='bbox 946 4033 979 4093; x_wconf 86' lang='lat' dir='ltr'>et</span> <span class='ocrx_word' id='word_1_249' title='bbox 1010 4025 1196 4093; x_wconf 70' lang='lat' dir='ltr'>cantativae</span> <span class='ocrx_word' id='word_1_250' title='bbox 1224 4028 1468 4107; x_wconf 86' lang='lat' dir='ltr'>moderationis,</span> 
     </span>
     <span class='ocr_line' id='line_1_32' title="bbox 420 4128 1468 4218; baseline 0 -22"><span class='ocrx_word' id='word_1_251' title='bbox 420 4130 620 4196; x_wconf 90' lang='lat' dir='ltr'>“tenemini</span> <span class='ocrx_word' id='word_1_252' title='bbox 649 4129 692 4196; x_wconf 89' lang='lat' dir='ltr'>ad</span> <span class='ocrx_word' id='word_1_253' title='bbox 718 4129 938 4216; x_wconf 90' lang='lat' dir='ltr'>receptionem</span> <span class='ocrx_word' id='word_1_254' title='bbox 961 4128 1043 4194; x_wconf 90' lang='lat' dir='ltr'>dicti</span> <span class='ocrx_word' id='word_1_255' title='bbox 1071 4128 1206 4210; x_wconf 86' lang='lat' dir='ltr'>fratris;</span> <span class='ocrx_word' id='word_1_256' title='bbox 1235 4131 1314 4218; x_wconf 88' lang='lat' dir='ltr'>quia</span> <span class='ocrx_word' id='word_1_257' title='bbox 1339 4131 1468 4217; x_wconf 90' lang='lat' dir='ltr'>piorum</span> 
     </span>
     <span class='ocr_line' id='line_1_33' title="bbox 422 4225 1468 4319; baseline 0.002 -21"><span class='ocrx_word' id='word_1_258' title='bbox 422 4237 439 4267; x_wconf 89' lang='lat'>“</span> <span class='ocrx_word' id='word_1_259' title='bbox 462 4239 512 4299; x_wconf 89' lang='lat' dir='ltr'>est</span> <span class='ocrx_word' id='word_1_260' title='bbox 527 4234 673 4298; x_wconf 81' lang='lat' dir='ltr'>virorum</span> <span class='ocrx_word' id='word_1_261' title='bbox 696 4233 792 4298; x_wconf 88' lang='lat' dir='ltr'>fratri</span> <span class='ocrx_word' id='word_1_262' title='bbox 812 4231 1003 4319; x_wconf 85' lang='lat' dir='ltr'>hujusmodi</span> <span class='ocrx_word' id='word_1_263' title='bbox 1023 4232 1174 4318; x_wconf 89' lang='lat' dir='ltr'>compati,</span> <span class='ocrx_word' id='word_1_264' title='bbox 1194 4225 1370 4318; x_wconf 88' lang='lat' dir='ltr'>impiorum</span> <span class='ocrx_word' id='word_1_265' title='bbox 1390 4255 1468 4300; x_wconf 88' lang='lat' dir='ltr'>vero</span> 
     </span>
     <span class='ocr_line' id='line_1_34' title="bbox 420 4333 1468 4422; baseline 0.001 -21"><span class='ocrx_word' id='word_1_266' title='bbox 420 4340 438 4371; x_wconf 90' lang='lat'><em>“</em></span> <span class='ocrx_word' id='word_1_267' title='bbox 460 4335 610 4401; x_wconf 88' lang='lat' dir='ltr'>claudere</span> <span class='ocrx_word' id='word_1_268' title='bbox 634 4333 695 4400; x_wconf 87' lang='lat' dir='ltr'>sibi</span> <span class='ocrx_word' id='word_1_269' title='bbox 722 4335 857 4413; x_wconf 89' lang='lat' dir='ltr'>viscera,</span> <span class='ocrx_word' id='word_1_270' title='bbox 875 4356 935 4399; x_wconf 88' lang='lat' dir='ltr'>nee</span> <span class='ocrx_word' id='word_1_271' title='bbox 958 4333 1045 4400; x_wconf 85' lang='lat' dir='ltr'>velle</span> <span class='ocrx_word' id='word_1_272' title='bbox 1067 4334 1155 4399; x_wconf 89' lang='lat' dir='ltr'>illiue</span> <span class='ocrx_word' id='word_1_273' title='bbox 1179 4335 1215 4399; x_wconf 93' lang='lat' dir='ltr'>in</span> <span class='ocrx_word' id='word_1_274' title='bbox 1237 4335 1348 4422; x_wconf 90' lang='lat' dir='ltr'>aliquo</span> <span class='ocrx_word' id='word_1_275' title='bbox 1371 4337 1468 4402; x_wconf 89' lang='lat' dir='ltr'>mise·</span> 
     </span>
    </p>
   </div>
   <div class='ocr_carea' id='block_1_10' title="bbox 421 4435 1468 4524">
    <p class='ocr_par' dir='ltr' id='par_1_10' title="bbox 421 4435 1468 4524">
     <span class='ocr_line' id='line_1_35' title="bbox 421 4435 1468 4524; baseline 0.003 -23"><span class='ocrx_word' id='word_1_276' title='bbox 421 4443 438 4472; x_wconf 81' lang='lat'>‘⁶</span> <span class='ocrx_word' id='word_1_277' title='bbox 459 4435 532 4502; x_wconf 91' lang='lat' dir='ltr'>reri.</span> <span class='ocrx_word' id='word_1_278' title='bbox 578 4435 711 4502; x_wconf 87' lang='lat' dir='ltr'>Efficiat</span> <span class='ocrx_word' id='word_1_279' title='bbox 735 4436 839 4524; x_wconf 85' lang='lat' dir='ltr'>igitur</span> <span class='ocrx_word' id='word_1_280' title='bbox 865 4435 898 4500; x_wconf 92' lang='lat' dir='ltr'>id</span> <span class='ocrx_word' id='word_1_281' title='bbox 924 4436 1030 4522; x_wconf 85' lang='lat' dir='ltr'>pietas</span> <span class='ocrx_word' id='word_1_282' title='bbox 1051 4435 1087 4500; x_wconf 90' lang='lat' dir='ltr'>in</span> <span class='ocrx_word' id='word_1_283' title='bbox 1108 4436 1211 4515; x_wconf 87' lang='lat' dir='ltr'>vobis,</span> <span class='ocrx_word' id='word_1_284' title='bbox 1234 4437 1350 4504; x_wconf 88' lang='lat' dir='ltr'>saltem</span> <span class='ocrx_word' id='word_1_285' title='bbox 1365 4439 1394 4504; x_wconf 87' lang='lat' dir='ltr'>ei</span> <span class='ocrx_word' id='word_1_286' title='bbox 1410 4461 1468 4504; x_wconf 86' lang='lat' dir='ltr'>voa</span> 
     </span>
    </p>
   </div>
   <div class='ocr_carea' id='block_1_11' title="bbox 419 4664 1468 4890">
    <p class='ocr_par' dir='ltr' id='par_1_11' title="bbox 419 4664 1468 4890">
     <span class='ocr_line' id='line_1_36' title="bbox 453 4664 1179 4732; baseline 0 -15"><span class='ocrx_word' id='word_1_287' title='bbox 453 4666 461 4698; x_wconf 91' lang='lat'>¹</span> <span class='ocrx_word' id='word_1_288' title='bbox 473 4665 755 4730; x_wconf 65' lang='lat' dir='ltr'>nysam-Margaret</span> <span class='ocrx_word' id='word_1_289' title='bbox 782 4664 857 4727; x_wconf 81' lang='lat' dir='ltr'>Note,</span> <span class='ocrx_word' id='word_1_290' title='bbox 882 4668 916 4732; x_wconf 80' lang='lat' dir='ltr'>ty</span> <span class='ocrx_word' id='word_1_291' title='bbox 1000 4665 1073 4730; x_wconf 77' lang='lat' dir='ltr'>³ymo</span> <span class='ocrx_word' id='word_1_292' title='bbox 1084 4666 1112 4716; x_wconf 91' lang='lat' dir='ltr'>in</span> <span class='ocrx_word' id='word_1_293' title='bbox 1122 4666 1179 4718; x_wconf 84' lang='lat' dir='ltr'>MS.</span> 
     </span>
     <span class='ocr_line' id='line_1_37' title="bbox 419 4743 1468 4800; baseline 0 -2"><span class='ocrx_word' id='word_1_294' title='bbox 419 4747 488 4798; x_wconf 81' lang='lat' dir='ltr'>Lord</span> <span class='ocrx_word' id='word_1_295' title='bbox 499 4745 612 4794; x_wconf 84' lang='lat' dir='ltr'>William</span> <span class='ocrx_word' id='word_1_296' title='bbox 623 4745 741 4795; x_wconf 80' lang='lat' dir='ltr'>IIownrd</span> <span class='ocrx_word' id='word_1_297' title='bbox 1003 4743 1170 4795; x_wconf 77' lang='lat' dir='ltr'>&#39;Siarudaita</span> <span class='ocrx_word' id='word_1_298' title='bbox 1186 4747 1214 4796; x_wconf 93' lang='lat' dir='ltr'>in</span> <span class='ocrx_word' id='word_1_299' title='bbox 1230 4745 1302 4800; x_wconf 83' lang='lat' dir='ltr'>MS.:</span> <span class='ocrx_word' id='word_1_300' title='bbox 1327 4749 1468 4799; x_wconf 69' lang='lat' dir='ltr'>evander-</span> 
     </span>
     <span class='ocr_line' id='line_1_38' title="bbox 452 4823 1240 4890; baseline 0.004 -17"><span class='ocrx_word' id='word_1_301' title='bbox 452 4825 583 4889; x_wconf 79' lang='lat' dir='ltr'>²quiaymo</span> <span class='ocrx_word' id='word_1_302' title='bbox 594 4823 620 4873; x_wconf 91' lang='lat' dir='ltr'>in</span> <span class='ocrx_word' id='word_1_303' title='bbox 632 4823 687 4875; x_wconf 80' lang='grc' dir='ltr'>ΜΒ.</span> <span class='ocrx_word' id='word_1_304' title='bbox 969 4823 1014 4890; x_wconf 85' lang='lat' dir='ltr'>ing</span> <span class='ocrx_word' id='word_1_305' title='bbox 1024 4825 1103 4874; x_wconf 89' lang='lat' dir='ltr'>monlr</span> <span class='ocrx_word' id='word_1_306' title='bbox 1115 4824 1136 4874; x_wconf 77' lang='lat' dir='ltr'>ie</span> <span class='ocrx_word' id='word_1_307' title='bbox 1147 4833 1240 4876; x_wconf 79' lang='lat' dir='ltr'>meant.</span> 
     </span>
    </p>
   </div>
   <div class='ocr_carea' id='block_1_12' title="bbox 0 0 1796 5831">
    <p class='ocr_par' dir='ltr' id='par_1_12' title="bbox 0 0 1796 5831">
     <span class='ocr_line' id='line_1_39' title="bbox 0 0 1796 5831; baseline 0 0"><span class='ocrx_word' id='word_1_308' title='bbox 0 0 1796 5831; x_wconf 95' lang='lat' dir='ltr'> </span> 
     </span>
    </p>
   </div>
   <div class='ocr_carea' id='block_1_13' title="bbox 1781 1201 1799 5815">
    <p class='ocr_par' dir='ltr' id='par_1_13' title="bbox 1781 1201 1799 5815">
     <span class='ocr_line' id='line_1_40' title="bbox 1781 1201 1799 5815; baseline 0 0"><span class='ocrx_word' id='word_1_309' title='bbox 1781 1201 1799 5815; x_wconf 95' lang='lat' dir='ltr'> </span> 
     </span>
    </p>
   </div>
   <div class='ocr_carea' id='block_1_14' title="bbox 1781 1201 1799 5815">
    <p class='ocr_par' dir='ltr' id='par_1_14' title="bbox 1781 1201 1799 5815">
     <span class='ocr_line' id='line_1_41' title="bbox 1781 1201 1799 5815; baseline 0 0"><span class='ocrx_word' id='word_1_310' title='bbox 1781 1201 1799 5815; x_wconf 95' lang='lat' dir='ltr'> </span> 
     </span>
    </p>
   </div>
  </div>
 </body>
</html>
