3582 5838
426 867 491 934 162
758 881 956 932 nnorsrnnn
979 880 1136 931 sensns

254 1083 324 1135 nn.
338 1089 408 1138 uss.
466 1070 664 1156 Priusquam
697 1073 810 1136 tamen
841 1070 885 1136 ad
920 1075 1032 1157 partes
1062 1070 1110 1136 sic
1141 1068 1361 1149 descenderet,
1394 1067 1467 1134 Rex

253 1159 394 1276 dddrsffihld
421 1172 617 1238 certioratus
645 1171 687 1237 de
709 1193 769 1238 sno
791 1173 960 1260 regimine,
975 1178 1010 1238 et
1032 1173 1073 1240 de
1087 1173 1254 1260 proposito
1269 1172 1371 1238 etiam
1385 1171 1472 1257 quod

253 1291 397 1344 avocante
423 1297 460 1339 1n
485 1280 596 1341 mente
625 1274 778 1352 habebat,
793 1274 931 1353 student,
946 1281 1047 1362 prout
1063 1275 1111 1362 pii
1133 1274 1291 1362 principis
1312 1273 1471 1348 interfuit,

252 1365 382 1476 52:3⁰²
421 1377 515 1465 prius
537 1378 605 1444 alia
625 1375 812 1444 ¹ettentare
828 1400 926 1465 quam
941 1399 1053 1458 arma;
1074 1377 1275 1464 mittensque
1290 1377 1322 1444 ei
1336 1375 1474 1442 nuncios

252 1492 404 1547 conditoris
421 1482 581 1548 solemnes
601 1478 739 1559 ”varios
752 1479 958 1568 Magistrum,
970 1480 1132 1558 videlicet,
1144 1480 1305 1545 lbomam
1315 1477 1471 1556 Boucher,

422 1583 626 1672 Episcopum
642 1583 815 1662 Eliensem,
831 1583 1012 1648 Dominum
1028 1583 1205 1648 Ricardum
1220 1580 1421 1668 Wodewyle,
1438 1587 1473 1646 et

423 1686 623 1774 Magistrum
639 1685 818 1752 Ricardum
832 1685 988 1764 Andrew,
1004 1683 1184 1753 Custodem
1199 1685 1252 1751 sui
1266 1683 1397 1772 Signeti
1413 1683 1471 1750 Se-

419 1791 575 1869 cretioris,
590 1787 740 1857 ³0btulit
754 1791 784 1856 ei
799 1813 839 1857 ea
861 1812 936 1878 quae
958 1791 1048 1878 pacis
1066 1795 1171 1872 erant,
1188 1794 1223 1857 et
1245 1789 1328 1855 talia
1350 1788 1471 1876 qualia,

418 1899 518 1981 prout
532 1893 597 1959 sibi
611 1893 720 1959 visum
735 1893 852 1975 fuerat,
868 1914 991 1980 suoque
1015 1892 1173 1973 Concilio,
1188 1892 1315 1958 mollire
1337 1895 1470 1978 possent

418 1997 584 2082 passiones
613 1995 666 2061 sni
695 1997 807 2074 animi,
829 2017 1049 2082 revocareque
1073 2017 1149 2062 eum
1171 2018 1192 2060 a
1213 1994 1380 2083 proposito
1402 2015 1469 2060 suo.

419 2095 574 2164 ³Obtulit
597 2099 715 2186 utique
742 2100 774 2164 ei
796 2100 911 2187 primo,
935 2101 1066 2187 culpam
1096 2120 1156 2187 pro
1186 2121 1254 2166 suae
1283 2096 1471 2164 rebellionis

417 2207 633 2289 transgressu,
656 2207 727 2267 tam
750 2201 815 2267 sibi
834 2223 933 2288 quam
957 2203 1034 2280 suis,
1050 2201 1148 2290 plene
1171 2201 1350 2280 remittere,
1375 2201 1468 2267 dum-

418 2304 516 2369 modo
530 2304 631 2370 vellet
651 2326 672 2368 a
691 2325 750 2370 suo
772 2305 920 2372 recedere
942 2306 1120 2393 proposito,
1142 2310 1176 2371 et
1202 2305 1239 2370 in
1260 2325 1373 2392 paoem
1395 2325 1469 2370 cum

417 2427 476 2471 suo
499 2405 687 2472 adversario
717 2428 776 2494 per
806 2407 915 2473 media
944 2407 1025 2472 boni
1055 2411 1219 2473 tractatus
1248 2406 1388 2488 venire3
1419 2427 1470 2472 se·

418 2509 532 2589 cundo,
556 2509 741 2576 reverentia
755 2509 853 2587 illius,
869 2515 904 2575 et
918 2509 1056 2588 intuitu,
1074 2508 1207 2596 plenam
1222 2509 1468 2597 plenariamque

417 2611 687 2697 perdonationem
709 2612 886 2698 utrobique
903 2611 992 2678 infra
1007 2633 1145 2700 regnum
1160 2611 1275 2693 facere,
1290 2611 1467 2677 dummodo

417 2713 519 2780 vellet
549 2715 648 2780 etiam
683 2714 864 2802 perdonare
894 2714 1023 2780 illatam
1060 2714 1092 2780 ei
1129 2714 1296 2800 injuriam,
1328 2735 1389 2780 nec
1425 2713 1468 2779 ad

417 2815 639 2883 ulciscendum
647 2817 786 2884 ulterius
801 2839 897 2884 suum
913 2817 1062 2906 gladium
1078 2817 1248 2884 evibrare:
1266 2817 1366 2883 tertio
1381 2838 1468 2895 vero,

417 2918 553 3006 plenum
575 2920 849 3008 complementum
879 2920 944 2985 sibi
973 2919 1076 2987 facere
1102 2918 1256 3006 justitiae,
1284 2919 1470 2998 drnnmodo,

417 3043 551 3089 rancore
566 3023 723 3110 deposito,
735 3023 835 3089 inniti
850 3021 951 3088 vellet
964 3021 1101 3110 legibus,
1113 3045 1172 3111 per
1186 3023 1341 3110 viamque
1357 3023 1468 3109 legiti-

420 3146 507 3190 mam
531 3147 624 3191 suam
647 3125 803 3213 injuriam
825 3124 1003 3192 vindicare.

247 3233 391 3313 'Iuenna
463 3226 620 3315 Cumque,
651 3228 715 3294 hiis
752 3227 976 3294 oblationibus
1009 3248 1077 3293 non
1112 3227 1329 3308 obstantibus,
1361 3233 1468 3296 staret

245 3301 390 3434 ἓξὲξ
418 3330 573 3395 continue
596 3330 675 3394 Dux
697 3329 804 3396 dictcn
826 3331 921 3416 quasi
943 3330 1048 3396 altera
1077 3351 1175 3418 rupes
1197 3331 1384 3412 immobilis,
1407 3355 1468 3399 nec

248 3436 363 3511 marchas
418 3431 507 3497 flecti
529 3437 590 3498 aut
611 3432 764 3498 inclinari
789 3433 887 3498 aliter
908 3431 1024 3512 voluit,
1048 3432 1114 3498 nisi
1136 3439 1300 3520 quatenus
1323 3435 1385 3500 sub
1410 3457 1469 3501 suo

248 3507 348 3619 iffi&
419 3540 596 3620 poneretur
610 3535 748 3601 arbitrio
763 3534 845 3600 Dux
859 3535 924 3614 ille,
941 3536 981 3601 de
997 3557 1063 3623 quo
1079 3537 1199 3624 saepius
1222 3539 1259 3602 in
1277 3538 1349 3624 jam
1370 3538 1470 3604 dictis

420 3636 545 3702 mentio
578 3636 665 3704 faeta
694 3637 769 3716 fuit,
805 3638 1043 3725 indignabatur
1081 3637 1156 3704 Rex
1190 3639 1403 3707 vehementer
1433 3643 1470 3706 in

418 3739 605 3818 visceribus,
628 3740 665 3805 in
686 3739 980 3827 indignationeque
1009 3741 1144 3828 spiritus
1174 3744 1365 3831 congregari
1391 3743 1470 3810 fecit

418 3841 568 3908 etiamst
583 3843 654 3930 ipse
667 3840 869 3908 ⁴exercitum
886 3843 1043 3930 grandem
1060 3849 1094 3911 et
1109 3844 1237 3923 fortem,
1253 3845 1290 3910 in
1304 3845 1469 3933 triploque

418 3945 566 4010 exercitu
588 3945 692 4032 ipsius
713 3945 942 4032 potentiorem,
964 3945 1182 4032 gradiensque
1196 3947 1233 4012 in
1251 3946 1417 4028 (lantiam,
1432 3951 1470 4014 in

418 4051 551 4114 tantum
563 4048 729 4114 terrefacit
739 4069 824 4126 eum,
833 4053 881 4129 ut,
894 4051 964 4114 tam
973 4049 1151 4114 discinctus
1166 4049 1202 4114 in
1217 4071 1357 4138 corpore,
1368 4073 1469 4138 quam

417 4150 517 4216 etiam
542 4151 763 4240 discoopertus
785 4152 821 4216 in
844 4150 963 4238 capite,
986 4151 1030 4216 ad
1052 4151 1176 4240 Regem
1199 4153 1377 4238 accederet,
1394 4175 1469 4243 pro

248 4268 391 4323 rhenuke
416 4257 641 4340 sterneretque
663 4276 698 4320 se
720 4254 757 4318 in
780 4258 913 4334 terram,
929 4275 968 4320 ac
982 4275 1042 4341 pro
1063 4255 1131 4320 suis
1154 4255 1471 4343 transgressionibus

246 4337 376 4453 ffiml*
414 4354 558 4442 gratiam
578 4355 749 4424 humiliter
763 4355 965 4443 imploraret.
1009 4355 1163 4430 Gratiam
1176 4356 1291 4446 igitur,
1306 4358 1468 4426 bonorum

446 4577 454 4610 ¹
466 4584 609 4644 mlarptara
620 4577 648 4627 in
659 4577 717 4630 MS.
963 4576 1082 4628 cherd.

445 4656 557 4722 ²Leyatc'
569 4675 600 4706 er
617 4665 690 4722 parte
708 4657 793 4722 nequ.
822 4655 913 4708 Ricar-
997 4653 1105 4721 ³optulir
1115 4655 1142 4706 in
1152 4655 1211 4708 MS.

412 4735 457 4786 dau
479 4733 615 4800 Wooduyla
631 4735 751 4786 Dassa
765 4734 795 4785 de
810 4734 913 4799 Rpcera
996 4735 1153 4785 ‘Exercitus
1202 4735 1285 4801 Rapis.
1295 4765 1330 4776 -
1340 4737 1467 4804 Mnrginal

411 4815 571 4882 -Marginul
582 4817 657 4879 Note,
670 4817 705 4880 by
721 4816 790 4868 Lcrd
800 4813 914 4868 william
964 4815 1039 4880 Note,
1049 4818 1085 4881 by
1095 4816 1165 4868 nore
1175 4815 1290 4869 william
1301 4818 1423 4869 Howard
