3588 5838
437 883 501 948 106
768 892 965 944 eremmon
986 891 1145 942 sensnm

269 1094 338 1147 nl).
349 1096 420 1144 issa
483 1081 600 1147 “Tum
621 1081 850 1160 tertio-toto
865 1087 1011 1170 tempore
1025 1079 1106 1169 quie
1120 1099 1190 1147 sua
1204 1077 1415 1167 prelationis,
1429 1077 1483 1144 vir

438 1192 457 1222 “
478 1185 544 1251 fuit
580 1184 672 1272 perci
709 1183 881 1272 strictique
913 1183 1091 1272 regiminis,
1128 1182 1166 1248 in
1202 1181 1373 1267 multoque
1409 1181 1484 1268 plus

437 1293 456 1326 “
479 1308 578 1375 quam
608 1287 718 1354 decuit
748 1287 785 1353 in
814 1309 849 1353 ss
886 1286 1045 1354 sollicitus
1074 1286 1118 1351 ed
1147 1285 1413 1372 congregandum
1446 1284 1483 1348 in

436 1398 455 1428 “
479 1389 618 1471 ¹arcam,
640 1411 679 1456 aa
701 1390 803 1468 etiam
824 1390 868 1455 ad
889 1389 1110 1476 colligendum
1131 1409 1290 1454 nummos

481 1493 598 1559 “Tum
627 1514 706 1558 vero
736 1493 1007 1580 quarto-quia
1036 1513 1094 1579 per
1124 1511 1226 1556 annos
1254 1489 1372 1572 varios,
1403 1490 1484 1557 dum

438 1602 456 1632 “
478 1595 546 1682 ipse
560 1595 703 1682 praefuit,
719 1595 843 1683 recepit
856 1593 912 1660 vel
925 1598 1037 1661 totum
1051 1592 1220 1659 redditum
1236 1596 1271 1659 et
1284 1596 1484 1679 proventum

437 1697 617 1764 “manerii
643 1697 684 1764 de
714 1697 876 1777 Penbrok,
901 1697 937 1763 in
967 1696 1119 1783 pertibus
1143 1693 1405 1775 south-walliae,
1430 1695 1485 1761 vel

440 1806 458 1836 “
480 1799 598 1866 saitem
620 1799 723 1886 ipsius
745 1804 925 1886 proventus
947 1799 1168 1880 medietatem,
1183 1797 1277 1883 cujus
1295 1796 1485 1863 medietatis

439 1909 457 1939 “
479 1923 608 1969 summa
629 1924 688 1988 pro
710 1905 791 1967 tuno
812 1901 1055 1988 quinquaginta
1076 1899 1170 1966 librae
1200 1899 1244 1964 ad
1265 1899 1377 1965 minus
1399 1900 1484 1965 diee-

337 2015 342 2025 '
437 2009 456 2039 “
480 2004 602 2071 bantur
622 2025 700 2070 esse.
744 2003 883 2091 Propter
904 2002 963 2069 has
984 2001 1100 2088 utique
1122 2023 1244 2079 causas,
1266 2005 1301 2067 et
1323 2003 1486 2089 precipue

436 2107 554 2194 “quia
582 2105 759 2184 fatebatur,
781 2107 867 2178 circa
892 2105 1008 2172 horam
1031 2103 1147 2170 mortis
1170 2125 1246 2182 suae,
1268 2109 1339 2170 tem
1361 2105 1485 2171 confes-

435 2217 452 2244 “
474 2208 539 2274 sori
561 2230 629 2290 suc,
645 2209 682 2274 in
703 2208 905 2274 confessione
924 2228 1033 2274 coram
1049 2206 1127 2286 Deo,
1144 2227 1243 2294 quam
1265 2207 1366 2272 etiam
1389 2214 1487 2274 extra

436 2318 453 2346 “
475 2311 719 2392 confessionem,
742 2332 851 2378 coram
873 2309 993 2389 Priore,
1016 2309 1266 2390 Archidiaoono,
1282 2309 1434 2388 Sacrista,
1450 2315 1486 2376 et

435 2419 454 2449 “
477 2411 776 2500 ²Eleemosynerio‚
798 2434 836 2478 ac
857 2411 931 2478 aliis
953 2411 1064 2490 variis,
1087 2433 1122 2478 se
1145 2411 1265 2478 habers
1287 2413 1323 2476 in
1346 2412 1486 2498 pecunie

435 2523 452 2552 “
474 2520 649 2582 numerate
671 2515 708 2580 in
730 2515 885 2581 manibus
906 2513 998 2580 mille
1024 2535 1160 2595 mareas,
1183 2513 1364 2602 putabatur
1385 2537 1406 2580 a
1427 2537 1485 2580 va·

435 2623 453 2653 “
476 2617 542 2697 riis,
566 2623 606 2684 ut
628 2617 728 2705 prius,
751 2617 841 2704 quod
862 2617 1067 2682 moriebatur
1088 2621 1200 2703 pastor
1219 2619 1363 2682 multum
1385 2618 1486 2697 dives,

435 2728 453 2756 “
476 2719 663 2807 multasque
696 2724 772 2808 post
804 2740 838 2785 se
867 2717 1003 2806 reliquit
1034 2719 1170 2785 divitias
1192 2720 1228 2784 in
1250 2719 1304 2786 die
1333 2720 1391 2785 illo
1421 2743 1486 2808 quo

437 2828 455 2859 “
479 2823 630 2890 valefecit
652 2823 780 2901 saeculo,
797 2828 831 2900 et
845 2821 980 2888 recessit
1001 2821 1043 2887 ad
1066 2825 1176 2908 patres
1198 2842 1281 2888 suos.
1328 2823 1394 2888 Sed
1408 2823 1488 2910 quia

436 2932 455 2962 “
477 2947 684 3014 nequaquam
720 2925 771 2990 ita
808 2924 1004 3002 invenimus,
1040 2924 1172 3010 quando
1205 2944 1266 2988 nos
1298 2925 1487 3008 redivimus,

437 3037 456 3065 “
478 3027 612 3108 ³imm0,
637 3028 741 3115 magis
770 3027 868 3094 modo
891 3027 966 3108 alio,
993 3029 1028 3092 et
1050 3027 1144 3113 quasi
1166 3027 1316 3093 totaliter
1344 3027 1382 3092 in
1411 3051 1488 3096 oon-

406 3215 411 3228 ·
437 3141 456 3168 “
479 3131 591 3212 trario,
614 3131 723 3218 rogati
745 3151 882 3208 eramus,
906 3135 942 3196 et
963 3129 1123 3216 requisiti,
1138 3152 1159 3195 a
1181 3129 1293 3196 solidis
1319 3131 1486 3213 fratribus,

438 3241 456 3270 “
479 3239 514 3300 et
536 3233 685 3312 maturis,
707 3237 747 3299 ut
770 3233 811 3299 de
833 3237 926 3299 statu
947 3237 1076 3320 reperto
1109 3233 1430 3315 demonstrationem,
1452 3236 1489 3300 in

321 3393 325 3414 ,
438 3335 735 3401 “declarationem
773 3335 934 3415 veritatis,
971 3335 1034 3400 sub
1071 3336 1264 3434 compendio
1300 3337 1488 3405 faceremus.

438 3444 456 3474 “
481 3436 722 3503 Obaudivimus
755 3441 879 3516 temen,
913 3437 956 3502 sd
989 3436 1159 3519 cautelam,
1183 3441 1218 3503 et
1248 3440 1489 3526 supersedimus

439 3549 456 3576 “
478 3561 538 3627 per
560 3544 692 3628 tempus
721 3560 790 3605 non
818 3539 993 3621 modicum,
1016 3561 1229 3626 perannum,
1252 3540 1415 3622 videlieet,
1437 3542 1489 3608 in-

440 3652 456 3678 “
480 3649 620 3729 tegrum,
643 3645 678 3707 et
700 3641 798 3720 ultra,
812 3640 887 3729 plus
912 3664 1011 3728 quam
1033 3663 1093 3729 per
1115 3641 1299 3723 dimidium,
1319 3667 1423 3732 usque
1445 3647 1489 3713 ad

439 3753 457 3781 “
482 3745 629 3825 Festum,
639 3743 803 3825 videlicet,
817 3743 995 3825 Michaelis,
1006 3744 1095 3831 quod
1109 3749 1180 3810 erat
1194 3744 1232 3809 in
1246 3767 1334 3812 anno
1349 3749 1490 3819 secundo

440 3855 460 3886 “
483 3854 557 3935 post
579 3846 745 3912 decessum
777 3846 859 3912 dicti
882 3845 1135 3934 predecessoris·
1192 3845 1285 3912 tbmc
1318 3848 1490 3935 siquidem,

441 3960 458 3987 “
481 3972 555 4016 cum
577 3948 765 4015 videremus
779 3949 914 4015 fiatrem
929 3947 1033 4027 illum,
1050 3949 1107 4036 qui
1123 3969 1232 4014 secum
1255 3951 1489 4020 secretissimus

440 4060 459 4090 “
481 4055 598 4132 fuerat
623 4051 798 4139 omnisque
821 4050 963 4118 adeum
993 4050 1197 4139 pertinentia
1217 4053 1351 4141 regebat
1374 4054 1489 4138 officie,

441 4166 457 4192 “
480 4177 518 4222 ec
541 4160 650 4222 totum
672 4153 864 4221 thesaurum
887 4172 992 4231 suum,
1011 4154 1113 4241 juxta
1134 4153 1321 4242 opinionem
1336 4157 1489 4244 plurium,

441 4269 459 4296 “
481 4260 518 4324 in
551 4256 702 4324 custodia
732 4257 931 4344 possidebat,
953 4255 1063 4322 *nihil
1084 4257 1221 4322 interim
1245 4259 1342 4324 nobis
1364 4259 1489 4344 afferre,

442 4369 458 4399 “
480 4361 631 4428 ⁴nihilve
653 4360 814 4447 detegere,
837 4357 973 4438 ³immo,
995 4359 1136 4425 transire
1156 4359 1400 4443 indifferenter,
1423 4367 1491 4432 acsi

443 4474 460 4503 “
484 4467 573 4532 dicte
595 4461 737 4530 materia
758 4461 963 4529 nullomodo
978 4462 1147 4528 videretur
1161 4462 1205 4527 ad
1227 4485 1302 4529 eum
1317 4467 1489 4553 pertinere,

489 4642 509 4648 -
526 4639 666 4647 -—-—-—

476 4727 701 4780 waltramus.
832 4792 835 4800 .

477 4807 677 4860 2Εἱιιιιοείιιαήο
687 4807 715 4856 in
726 4805 783 4857 MS.
