3588 5838
480 925 654 976 tonsurus
676 921 963 974 wsnrmusrnnn
984 919 1161 970 amusan.
1293 899 1336 972 57

288 1115 307 1142 “
330 1107 417 1174 clero
439 1128 526 1174 anno
540 1107 696 1176 vicesimo
711 1110 851 1196 septimo
866 1129 1034 1189 concessae,
1049 1108 1086 1172 in
1104 1103 1338 1193 jurisdictione
1351 1108 1419 1162 Μ).
1433 1111 1504 1160 14⁵1.

290 1215 308 1246 “
333 1212 374 1276 de
397 1210 519 1277 Sancto
541 1211 673 1277 Albano
703 1217 857 1299 exempta
879 1211 1097 1298 percipiendae
1121 1209 1161 1274 de
1183 1209 1265 1296 ipsc,
1297 1206 1339 1273 de

291 1321 309 1348 “
333 1313 446 1379 eadem
469 1314 667 1380 medietate:
697 1319 732 1380 et
754 1313 831 1380 licet
853 1313 1030 1401 praedictus
1052 1333 1191 1400 querens
1220 1315 1339 1399 quarto

289 1421 308 1450 ‘⁶
331 1415 386 1480 die
408 1415 617 1494 Novembris,
639 1421 726 1482 anno
748 1417 842 1505 regni
864 1416 946 1483 dicti
969 1415 1105 1481 Domini
1128 1415 1228 1502 Regis
1253 1412 1340 1478 vics·

291 1523 309 1552 “
332 1519 416 1583 simo
438 1540 536 1597 nono,
558 1540 618 1605 per
647 1519 822 1605 quemdam
852 1519 1042 1608 Philippum
1070 1518 1162 1598 Neel,
1185 1517 1228 1582 ad
1258 1521 1341 1581 tunc

291 1626 311 1657 ‘⁴
335 1621 534 1686 servientem
549 1642 654 1700 sunm,
678 1622 767 1708 apud
791 1621 985 1702 Londonias‚
997 1622 1035 1686 in
1049 1620 1210 1688 Parochia
1225 1617 1340 1685 Sancti

292 1731 310 1758 ‘⁸
335 1723 492 1810 Sepulcri‚
508 1722 543 1788 in
559 1723 683 1790 Warda
698 1725 740 1791 de
762 1724 990 1812 ¹Fa1yngdon
1006 1725 1121 1804 Extra,
1137 1727 1341 1789 monstrave-

292 1835 311 1862 “
333 1827 380 1892 rit
403 1833 437 1892 et
460 1827 693 1894 deliberaverit
707 1828 844 1915 praefato
859 1828 993 1908 Abbati,
1010 1828 1053 1894 ad
1073 1833 1155 1897 tunc
1177 1823 1342 1892 collectori

292 1935 311 1966 ‘¹
334 1929 431 1996 dictae
463 1929 616 1996 secundae
648 1931 836 1996 medietatis
870 1931 1013 2013 decimae,
1043 1931 1080 1995 in
1111 1928 1342 2017 jurisdictione

294 2040 313 2068 “
335 2033 579 2120 praedictarum
603 2033 765 2100 solutione
780 2034 966 2120 quindecim
988 2035 1147 2100 librarum
1169 2033 1341 2121 praedicta·

293 2143 310 2171 “
334 2157 409 2200 rum
431 2135 591 2217 habenda,
615 2136 795 2202 secundum
817 2137 969 2222 effectum
991 2136 1095 2203 talliae
1117 2135 1291 2223 predica,
1308 2138 1343 2199 et

294 2245 312 2272 “
335 2238 378 2302 ad
401 2243 482 2304 tunc
503 2243 539 2303 et
561 2236 685 2304 ibidem
707 2238 796 2304 idem
819 2261 958 2325 querens
975 2239 1184 2326 requisiverit
1204 2236 1339 2325 praedic·

293 2344 409 2405 “tum
443 2339 609 2406 Abbatem
644 2341 687 2406 ad
722 2341 752 2407 ei
785 2342 978 2408 solvendum
1016 2341 1204 2428 quindecim
1240 2339 1343 2405 libras
1410 2409 1417 2424 ,

294 2452 311 2478 “
335 2443 517 2531 praedictas.
563 2443 618 2509 Ad
641 2465 738 2530 quem
761 2443 895 2530 quidem
917 2452 1069 2532 quartum
1095 2444 1182 2510 diem
1198 2443 1342 2508 Novem·

294 2556 313 2581 “
336 2544 414 2628 bris,
437 2545 526 2633 apud
548 2545 664 2612 villam
688 2547 982 2625 westmonasterii,
997 2549 1035 2613 in
1055 2547 1224 2613 Comitatu
1257 2544 1343 2608 Mid-

296 2657 313 2684 “
338 2648 498 2726 delsexiae,
524 2649 606 2714 satis
639 2649 759 2716 habuit
789 2651 826 2714 in
857 2651 1010 2716 manibus
1033 2650 1101 2715 suis
1129 2648 1171 2714 de
1202 2645 1345 2714 secunda

296 2757 314 2786 “
337 2750 515 2817 medietate
538 2751 705 2837 praedicta,
726 2754 770 2819 ad
801 2754 995 2819 solvendum
1026 2753 1162 2839 praefato
1193 2751 1344 2838 querenti

296 2837 526 2938 “quindecim
556 2853 656 2920 libras
686 2855 881 2941 praedictns;
907 2853 1144 2920 ²nihilominus
1167 2854 1344 2940 praedictus

297 2965 315 2991 “
337 2956 450 3021 Abbas
473 2955 659 3041 quindecim
682 2957 784 3022 libras
815 2957 998 3045 praedictas,
1021 2962 1080 3023 aut
1103 2957 1247 3043 aliquam
1270 2975 1345 3042 par-

296 3065 314 3094 “
337 3057 452 3124 cellam
475 3057 564 3138 inde,
586 3059 728 3145 praefato
751 3061 905 3145 querenti
932 3059 1041 3125 adhuc
1064 3080 1131 3124 non
1154 3058 1262 3137 solvit
1286 3079 1346 3123 nec

298 3167 315 3195 “
338 3160 411 3225 illas
434 3160 465 3225 ei
488 3160 594 3227 adhuc
616 3162 743 3228 solvere
759 3163 841 3242 vult,
858 3162 916 3228 sed
930 3163 992 3228 hoc
1014 3162 1119 3228 facere
1134 3161 1345 3240 contradixit,

297 3271 314 3298 “
338 3269 372 3328 et
388 3261 495 3328 adhuc
510 3264 715 3329 contradicit.
762 3265 808 3330 Et
830 3265 907 3330 inde
930 3265 1107 3353 praedictus
1130 3285 1268 3351 querens
1291 3264 1346 3328 de·

298 3372 317 3400 “
340 3365 525 3444 terioratur,
549 3371 584 3430 et
614 3365 794 3432 ³damnum
825 3367 932 3447 habet,
957 3368 1000 3432 ad
1031 3367 1212 3434 valentiam
1235 3367 1346 3432 decem

297 3477 314 3504 “
337 3466 505 3532 librarum.
550 3469 596 3534 Et
617 3469 679 3534 hoc
702 3470 799 3536 offert
821 3476 851 3536 ct
873 3468 1014 3536 coewreff'

537 3662 664 3730 rutra
686 3663 935 3752 caputoque
958 3664 1108 3732 Attae.

345 3804 360 3832 ‘¹
372 3795 386 3834 ⁴
397 3796 443 3860 Et
464 3796 643 3883 praedictus
658 3796 780 3876 Abbas,
796 3818 855 3884 per
871 3797 1045 3882 praedictos
1068 3801 1256 3863 attornatos
1271 3816 1347 3862 suos
1359 3813 1466 3864 Anares

301 3906 319 3932 “
340 3921 491 3985 praesens,
508 3905 538 3964 et
560 3905 684 3977 coetere,
707 3899 795 3986 petit
817 3901 970 3965 auditum
992 3899 1088 3966 Billae
1117 3899 1289 3987 praedictas,
1313 3881 1502 3997 etfflggot

301 4009 318 4036 “
341 4001 371 4065 ei
392 4000 522 4088 legitur,
545 4007 575 4066 ct
598 4007 715 4066 caetera
727 4027 740 4080 ;
764 4023 829 4088 qus
851 4003 975 4081 audita,
999 4003 1191 4088 dicitquod
1214 4002 1283 4087 ipse
1306 3999 1527 4078 adtonsum,

300 4109 482 4189 “praesens
504 4124 572 4167 non
596 4108 646 4168 est
675 4104 823 4168 avisatus
853 4105 896 4170 ad
926 4103 1190 4189 respondendum
1213 4081 1429 4188 ριἰιὲίιιιοΡῙωκ

299 4209 319 4240 “
341 4203 490 4270 Johanni
514 4205 692 4271 Stourtone
715 4206 752 4271 in
773 4207 974 4292 praemissis;
998 4212 1031 4271 et
1055 4205 1140 4288 petit
1163 4205 1250 4270 diem
1272 4204 1351 4269 inde

300 4315 318 4341 “
340 4307 496 4392 loquendi
519 4329 622 4392 usqne
638 4307 782 4373 Octavus
805 4309 935 4374 Sanctae
958 4307 1139 4386 Trinitatis,
1156 4307 1239 4372 citra
1254 4327 1351 4393 quem

273 4471 276 4474 .
302 4416 320 4444 “
341 4415 371 4475 et
392 4415 509 4475 coeteru
520 4435 535 4489 ;
558 4409 645 4495 quod
669 4432 727 4496 per
743 4410 878 4476 Curiam
893 4431 1079 4476 concessum
1101 4414 1158 4476 est.
1204 4411 1249 4476 Et
1263 4409 1351 4475 idem

336 4669 345 4701 ¹
357 4669 517 4734 Frcryaydcn
528 4668 555 4718 in
565 4669 631 4732 MS„
640 4671 674 4735 by
687 4669 801 4721 inadver-
884 4669 894 4702 ³
905 4669 1031 4735 dampnum
1042 4670 1068 4720 in
1079 4670 1135 4721 MS.

302 4757 382 4798 tence.
885 4749 896 4782 ⁴
908 4749 963 4800 'l’he
981 4751 1035 4799 first
1053 4751 1126 4800 letter
1141 4750 1259 4811 omitted;
1276 4759 1304 4803 te
1320 4753 1351 4804 be

335 4825 521 4878 ‘nichilominus
531 4827 559 4877 in
570 4827 625 4880 MS.
855 4827 1185 4895 suppliedinitlumination.
