3588 5838
467 897 643 948 ronnuurs
666 899 951 952 wunrnausrnnu
973 901 1150 952 snouunn.
1284 890 1327 952 85

282 1091 301 1120 “
322 1085 390 1152 silii
418 1089 532 1171 nostri,
555 1088 789 1168 ordinavimus,
811 1089 900 1175 quod
922 1089 1029 1156 dictus
1051 1090 1202 1158 redditus
1231 1089 1408 1176 quin-Al).
1423 1107 1497 1155 raso.

282 1190 482 1280 “quaginta
517 1213 702 1259 marearum
739 1212 926 1258 annuarum
956 1191 1092 1261 Coronae
1130 1196 1262 1272 nostrae,
1294 1195 1329 1259 ot

283 1298 301 1324 “
322 1289 490 1360 haerodum
519 1297 707 1361 nostrorum
735 1293 876 1382 Angliae,
899 1301 1067 1362 remaneat
1095 1316 1246 1362 annexus
1270 1291 1328 1358 ¹in

282 1399 311 1475 “,
323 1401 526 1482 perpetuum,
548 1397 673 1484 absque
694 1417 733 1462 eo
755 1397 844 1483 quod
867 1396 979 1485 aliqua
1000 1397 1148 1464 remissio
1172 1418 1230 1464 seu
1256 1418 1328 1484 per·

282 1501 301 1530 “
322 1497 457 1564 donatio
478 1497 625 1585 ejusdem
652 1498 802 1566 redditus
835 1499 873 1564 in
903 1505 984 1578 toto,
1008 1499 1063 1566 vel
1084 1499 1122 1566 in
1143 1503 1246 1588 parte,
1269 1519 1329 1586 por
1437 1495 1443 1504 '

282 1603 304 1634 ‘¹
324 1620 384 1665 nos
413 1601 469 1666 vel
499 1600 643 1668 haeredos
674 1606 812 1682 nostros,
835 1607 896 1668 aut
921 1603 1068 1690 ipsorum
1090 1603 1244 1690 aliquem,
1266 1602 1328 1667 fiat

282 1707 302 1735 “
321 1700 432 1788 aliquo
461 1709 609 1791 tempora
637 1703 751 1771 futuro
773 1705 908 1788 Abbati,
931 1703 1048 1786 Priori,
1071 1709 1106 1771 et
1129 1704 1328 1783 conventui,

281 1807 300 1840 “
322 1803 417 1870 dietas
439 1804 626 1888 Abbathiae,
649 1828 706 1873 seu
736 1828 849 1873 eorum
879 1805 1053 1894 aliquibus,
1075 1807 1132 1873 vel
1152 1807 1271 1890 alioui3
1294 1811 1328 1874 st

281 1913 301 1939 “
321 1905 445 1994 absque
466 1929 505 1974 eo
527 1909 617 1995 quod
637 1931 696 1997 per
717 1930 778 1976 nos
800 1909 854 1976 vel
876 1907 1022 1977 haerodes
1043 1913 1180 1990 nostros,
1195 1913 1256 1976 aut
1278 1909 1327 1996 ip-

282 2015 300 2042 “
322 2030 431 2076 sorum
462 2010 614 2097 aliquem,
644 2010 793 2079 redditus
827 2011 1012 2099 praedictus,
1035 2012 1072 2077 in
1102 2017 1184 2093 toto,
1204 2013 1260 2078 vel
1290 2011 1328 2077 in

281 2117 300 2144 “
320 2117 423 2198 parte,
445 2134 505 2200 per
525 2113 750 2180 remissionem
781 2119 817 2180 et
839 2114 1107 2202 perdonationem
1129 2113 1327 2202 hujusmodi,

280 2219 299 2249 “
320 2219 380 2280 aut
401 2235 460 2302 per
481 2214 723 2296 alienationem,
745 2215 1010 2304 assignationem,
1024 2237 1083 2284 seu
1104 2215 1328 2284 dimissionem

281 2320 301 2351 “
321 2338 558 2403 quameunque,
582 2340 603 2383 a
632 2318 723 2385 diota
752 2340 871 2385 corona
892 2323 1061 2407 separetur
1082 2319 1328 2406 quomodolibet

282 2418 358 2483 “in
389 2419 547 2487 futurum.
593 2422 639 2487 Et
669 2420 698 2486 si
728 2419 814 2487 forte
836 2443 894 2508 per
915 2422 1093 2504 Abbatem,
1117 2421 1272 2501 Priorem,
1293 2428 1329 2489 et

281 2529 299 2554 “
320 2521 539 2600 conventum,
554 2523 652 2590 dietas
667 2522 856 2604 Abbathiae,
871 2523 929 2610 qui
951 2546 1011 2611 pro
1026 2529 1173 2612 tempore
1193 2524 1327 2604 iirerint,

281 2629 304 2660 ⁴·
323 2624 376 2690 vel
396 2624 524 2714 aliquos
545 2625 764 2713 autaliquem
784 2627 970 2706 eorundem,
985 2626 1097 2715 aliqua
1110 2627 1256 2694 remissio
1270 2648 1328 2694 seu

282 2733 300 2759 ‘⁴
322 2725 514 2812 perdonatio
536 2726 617 2794 dicti
639 2728 788 2795 redditus
804 2727 841 2794 in
854 2732 937 2811 totu,
951 2730 1006 2796 vel
1027 2731 1064 2796 in
1079 2735 1183 2818 parte,
1198 2751 1219 2794 a
1232 2729 1327 2796 nobis

281 2836 298 2861 “
320 2828 374 2895 vel
395 2829 438 2894 ab
460 2829 571 2917 aliquo
593 2829 761 2896 haeredum
791 2835 989 2912 nostrorum,
1012 2832 1190 2920 impetrata
1211 2837 1247 2898 et
1274 2852 1327 2898 ao·

280 2937 301 2967 “
321 2935 451 3020 oeptata
472 2931 582 3012 firerit,
604 2932 692 3019 quod
714 2936 838 2999 extunc
858 2954 1000 3021 praeaena
1022 2933 1184 3000 oonoessio
1213 2937 1327 2999 nostra

281 3038 299 3068 “
320 3033 445 3100 nullius
466 3033 511 3100 sit
532 3035 668 3117 roboris,
691 3036 746 3102 vel
777 3035 921 3102 virtutis
969 3036 1012 3101 In
1040 3037 1133 3124 eujus
1162 3035 1211 3102 rei
1233 3036 1326 3103 teeti·

282 3142 299 3168 “
321 3136 477 3217 monium,
499 3135 560 3202 has
582 3138 727 3204 Litteras
749 3144 878 3204 nostras
907 3137 981 3204 fiori
1005 3137 1141 3206 fecimus
1163 3139 1326 3205 Potentes

282 3245 299 3272 “
321 3237 418 3304 Teste
440 3239 571 3326 meipso,
587 3239 679 3326 apud·
691 3239 1031 3323 westmonasterium,
1052 3245 1146 3308 sexto
1169 3240 1223 3307 die
1246 3239 1326 3329 Sep-

279 3347 297 3375 “
318 3340 464 3420 tembris,
486 3362 575 3407 anno
597 3342 690 3429 regni
712 3343 818 3408 nostri
840 3342 985 3430 quarto.'’

324 3440 465 3509 ²Eodem
487 3444 601 3530 itaque
622 3465 711 3510 anno
729 3465 794 3532 qno
816 3445 974 3534 placitum
996 3445 1103 3532 primo
1119 3446 1244 3514 dietum
1268 3448 1406 3530 derling

278 3545 381 3610 cisum
403 3545 520 3625 fuerat,
541 3552 575 3612 et
596 3545 740 3624 finitum,
754 3568 850 3625 anno,
864 3547 1027 3631 videlieet,
1044 3549 1151 3636 primo
1173 3549 1324 3616 secundae
1335 3529 1480 3659 ff&

278 3647 479 3736 praelationis
509 3647 674 3714 Johannis
705 3647 810 3730 Sexti,
840 3649 960 3716 aeoidit
991 3654 1031 3714 ut
1067 3651 1103 3716 in
1134 3672 1190 3718 oor
1222 3651 1448 3740 Regisepiritof

278 3750 467 3838 hujusmodi
490 3750 626 3837 spiritus
655 3751 790 3837 pietatis
819 3752 1020 3833 ascenderet,
1043 3753 1221 3840 taliterque
1242 3731 1498 3847 irra-ffiffi

278 3854 384 3920 diaret
405 3874 466 3919 sua
487 3853 619 3932 viscera,
642 3874 681 3919 aa
702 3852 843 3920 ulterius
872 3854 916 3920 ad
945 3854 1201 3921 misericordiam
1231 3856 1323 3922 inoli-
1336 3876 1404 3940 91³⁰?

277 3961 381 4035 naret,
403 3961 450 4033 ut,
465 3960 540 4042 post
555 3955 691 4020 Annum
707 3955 833 4022 Gratia
854 3955 943 4043 apud
959 3955 1108 4036 Romam,
1126 3956 1324 4025 discerneret
1336 3941 1458 4060 affl*

277 4057 389 4137 alium,
404 4057 482 4124 lieet
503 4056 639 4124 alterius
660 4055 868 4136 conditionis,
883 4057 1052 4124 suooedere
1065 4058 1155 4124 infra
1174 4081 1323 4146 regnum,
1336 4061 1436 4177 Ἠοῖ)
1448 4069 1475 4112 ⁸⁰

276 4159 553 4248 quemadmodum
576 4158 656 4245 quia
670 4159 827 4226 Pontifex
841 4159 996 4226 Summus
1017 4159 1149 4248 plenam
1171 4161 1212 4228 de
1234 4161 1324 4228 omni
1335 4207 1395 4258 may
1405 4141 1480 4259 ζμ,

277 4284 377 4350 poena
389 4284 449 4352 pro
464 4267 597 4349 peceato
612 4260 733 4344 debita,
743 4262 780 4327 in
794 4283 883 4328 anuo
897 4261 1050 4344 Jubilaeo,
1065 4261 1258 4329 instituerat
1272 4265 1323 4332 in·
1335 4257 1376 4309 f⁰¹
1385 4257 1414 4309 it.

278 4365 482 4453 suanam
496 4363 601 4431 sarus
622 4363 688 4429 uss
710 4365 872 4448 omnibus,
887 4364 944 4452 qur
967 4364 1124 4431 vorabant
1147 4365 1189 4430 ao
1204 4341 1404 4433 noma-ffl-
1420 4346 1492 4395 ¹⁴⁶²·

278 4489 355 4532 nam
370 4466 549 4534 Eoolesiam
562 4465 722 4548 aooedere,
738 4466 849 4554 ibique
863 4467 901 4534 in
915 4489 994 4534 vera
1008 4467 1207 4535 oontritione
1221 4470 1324 4536 animi

313 4734 320 4766 ¹
333 4735 502 4800 imperpetuum
514 4732 539 4812 in
550 4734 606 4786 MS.
798 4733 807 4868 q
824 4735 937 4802 supplied
948 4736 973 4786 in
985 4736 1159 4790 illuminatior.

312 4813 389 4866 2ΤΙιο
410 4814 465 4865 first
480 4813 552 4865 letter
567 4813 686 4875 omitted,
704 4819 730 4865 to
748 4815 780 4866 be
