<?xml version="1.0" encoding="UTF-8"?>
<!DOCTYPE html PUBLIC "-//W3C//DTD XHTML 1.0 Transitional//EN"
    "http://www.w3.org/TR/xhtml1/DTD/xhtml1-transitional.dtd">
<html xmlns="http://www.w3.org/1999/xhtml" xml:lang="en" lang="en">
 <head>
  <title>
</title>
<meta http-equiv="Content-Type" content="text/html;charset=utf-8" />
  <meta name='ocr-system' content='tesseract 3.04.00' />
  <meta name='ocr-capabilities' content='ocr_page ocr_carea ocr_par ocr_line ocrx_word'/>
</head>
<body>
  <div class='ocr_page' id='page_1' title='image "./registraquorund00wallgoog_0392.png"; bbox 0 0 3640 5842; ppageno 0'>
   <div class='ocr_carea' id='block_1_1' title="bbox 277 1071 433 1122">
    <p class='ocr_par' dir='ltr' id='par_1_1' title="bbox 277 1071 433 1122">
     <span class='ocr_line' id='line_1_1' title="bbox 277 1071 433 1122; baseline 0.006 -2"><span class='ocrx_word' id='word_1_1' title='bbox 277 1071 346 1122; x_wconf 75' lang='lat' dir='ltr'><strong>AD.</strong></span> <span class='ocrx_word' id='word_1_2' title='bbox 362 1077 433 1122; x_wconf 69' lang='lat' dir='ltr'><strong>lasa</strong></span> 
     </span>
    </p>
   </div>
   <div class='ocr_carea' id='block_1_2' title="bbox 278 1165 403 1202">
    <p class='ocr_par' dir='ltr' id='par_1_2' title="bbox 278 1165 403 1202">
     <span class='ocr_line' id='line_1_2' title="bbox 278 1165 403 1202; baseline -0.008 -1"><span class='ocrx_word' id='word_1_3' title='bbox 278 1165 403 1202; x_wconf 59' lang='lat' dir='ltr'><strong>mellum</strong></span> 
     </span>
    </p>
   </div>
   <div class='ocr_carea' id='block_1_3' title="bbox 275 1217 428 1334">
    <p class='ocr_par' dir='ltr' id='par_1_3' title="bbox 275 1217 428 1334">
     <span class='ocr_line' id='line_1_3' title="bbox 275 1217 428 1334; baseline 0.02 -68"><span class='ocrx_word' id='word_1_4' title='bbox 275 1217 374 1334; x_wconf 51' lang='lat' dir='ltr'><strong>affiiffit</strong></span> <span class='ocrx_word' id='word_1_5' title='bbox 385 1218 428 1269; x_wconf 82' lang='lat' dir='ltr'><strong>the</strong></span> 
     </span>
    </p>
   </div>
   <div class='ocr_carea' id='block_1_4' title="bbox 445 851 1157 918">
    <p class='ocr_par' dir='ltr' id='par_1_4' title="bbox 445 851 1157 918">
     <span class='ocr_line' id='line_1_4' title="bbox 445 851 1157 918; baseline 0 -2"><span class='ocrx_word' id='word_1_6' title='bbox 445 851 510 916; x_wconf 75' lang='lat'><strong>334</strong></span> <span class='ocrx_word' id='word_1_7' title='bbox 779 866 978 918; x_wconf 83' lang='lat' dir='ltr'><strong>anomraurr</strong></span> <span class='ocrx_word' id='word_1_8' title='bbox 999 865 1157 916; x_wconf 77' lang='lat' dir='ltr'><strong>summm</strong></span> 
     </span>
    </p>
   </div>
   <div class='ocr_carea' id='block_1_5' title="bbox 444 1055 1493 1550">
    <p class='ocr_par' dir='ltr' id='par_1_5' title="bbox 444 1055 1493 1550">
     <span class='ocr_line' id='line_1_5' title="bbox 446 1055 1493 1145; baseline 0.002 -25"><span class='ocrx_word' id='word_1_9' title='bbox 446 1059 480 1122; x_wconf 86' lang='lat' dir='ltr'><strong>et</strong></span> <span class='ocrx_word' id='word_1_10' title='bbox 503 1059 662 1142; x_wconf 87' lang='lat' dir='ltr'><strong>potentes,</strong></span> <span class='ocrx_word' id='word_1_11' title='bbox 686 1060 725 1121; x_wconf 92' lang='lat' dir='ltr'><strong>ut</strong></span> <span class='ocrx_word' id='word_1_12' title='bbox 747 1060 855 1123; x_wconf 87' lang='lat' dir='ltr'><strong>totam</strong></span> <span class='ocrx_word' id='word_1_13' title='bbox 875 1057 999 1122; x_wconf 89' lang='lat' dir='ltr'><strong>nedum</strong></span> <span class='ocrx_word' id='word_1_14' title='bbox 1021 1055 1191 1136; x_wconf 83' lang='lat' dir='ltr'><strong>Graeciam,</strong></span> <span class='ocrx_word' id='word_1_15' title='bbox 1212 1056 1380 1145; x_wconf 76' lang='lat' dir='ltr'>regionem</span> <span class='ocrx_word' id='word_1_16' title='bbox 1402 1078 1493 1144; x_wconf 89' lang='lat' dir='ltr'><strong>mag·</strong></span> 
     </span>
     <span class='ocr_line' id='line_1_6' title="bbox 446 1158 1492 1246; baseline 0.004 -24"><span class='ocrx_word' id='word_1_17' title='bbox 446 1178 524 1222; x_wconf 90' lang='lat' dir='ltr'><strong>nam</strong></span> <span class='ocrx_word' id='word_1_18' title='bbox 562 1163 597 1223; x_wconf 89' lang='lat' dir='ltr'><strong>et</strong></span> <span class='ocrx_word' id='word_1_19' title='bbox 633 1159 843 1245; x_wconf 72' lang='lat' dir='ltr'><strong>peramplam,</strong></span> <span class='ocrx_word' id='word_1_20' title='bbox 880 1158 917 1224; x_wconf 94' lang='lat' dir='ltr'><strong>in</strong></span> <span class='ocrx_word' id='word_1_21' title='bbox 949 1158 1110 1245; x_wconf 73' lang='lat' dir='ltr'>pluraque</span> <span class='ocrx_word' id='word_1_22' title='bbox 1140 1180 1243 1246; x_wconf 84' lang='lat' dir='ltr'><strong>regna</strong></span> <span class='ocrx_word' id='word_1_23' title='bbox 1280 1158 1492 1236; x_wconf 79' lang='lat' dir='ltr'>subdivisam,</span> 
     </span>
     <span class='ocr_line' id='line_1_7' title="bbox 446 1258 1490 1347; baseline -0.003 -20"><span class='ocrx_word' id='word_1_24' title='bbox 446 1258 508 1334; x_wconf 78' lang='lat' dir='ltr'><strong>sub</strong></span> <span class='ocrx_word' id='word_1_25' title='bbox 548 1259 630 1346; x_wconf 86' lang='lat' dir='ltr'><strong>jugo</strong></span> <span class='ocrx_word' id='word_1_26' title='bbox 675 1259 847 1326; x_wconf 88' lang='lat' dir='ltr'><strong>servitutis</strong></span> <span class='ocrx_word' id='word_1_27' title='bbox 890 1281 950 1347; x_wconf 90' lang='lat' dir='ltr'><strong>pro</strong></span> <span class='ocrx_word' id='word_1_28' title='bbox 990 1282 1078 1326; x_wconf 93' lang='lat' dir='ltr'><strong>nunc</strong></span> <span class='ocrx_word' id='word_1_29' title='bbox 1119 1263 1263 1339; x_wconf 87' lang='lat' dir='ltr'><strong>teneant,</strong></span> <span class='ocrx_word' id='word_1_30' title='bbox 1309 1261 1490 1346; x_wconf 70' lang='lat' dir='ltr'><strong>quinetiam</strong></span> 
     </span>
     <span class='ocr_line' id='line_1_8' title="bbox 445 1357 1490 1449; baseline 0.003 -26"><span class='ocrx_word' id='word_1_31' title='bbox 445 1357 589 1447; x_wconf 87' lang='lat' dir='ltr'><strong>1oppida</strong></span> <span class='ocrx_word' id='word_1_32' title='bbox 618 1363 722 1448; x_wconf 89' lang='lat' dir='ltr'><strong>plura,</strong></span> <span class='ocrx_word' id='word_1_33' title='bbox 757 1366 872 1440; x_wconf 86' lang='lat' dir='ltr'><strong>castra,</strong></span> <span class='ocrx_word' id='word_1_34' title='bbox 901 1367 936 1428; x_wconf 88' lang='lat' dir='ltr'><strong>et</strong></span> <span class='ocrx_word' id='word_1_35' title='bbox 965 1361 1137 1442; x_wconf 87' lang='lat' dir='ltr'><strong>fortalicia,</strong></span> <span class='ocrx_word' id='word_1_36' title='bbox 1168 1383 1266 1449; x_wconf 87' lang='lat' dir='ltr'><strong>super</strong></span> <span class='ocrx_word' id='word_1_37' title='bbox 1299 1361 1490 1428; x_wconf 73' lang='lat' dir='ltr'><strong>Danubium</strong></span> 
     </span>
     <span class='ocr_line' id='line_1_9' title="bbox 444 1460 1491 1550; baseline 0.001 -24"><span class='ocrx_word' id='word_1_38' title='bbox 444 1460 584 1528; x_wconf 88' lang='lat' dir='ltr'><strong>fluvium</strong></span> <span class='ocrx_word' id='word_1_39' title='bbox 615 1463 687 1542; x_wconf 87' lang='lat' dir='ltr'><strong>sita,</strong></span> <span class='ocrx_word' id='word_1_40' title='bbox 710 1484 769 1529; x_wconf 88' lang='lat' dir='ltr'><strong>suo</strong></span> <span class='ocrx_word' id='word_1_41' title='bbox 798 1463 979 1550; x_wconf 87' lang='lat' dir='ltr'><strong>adjecerint</strong></span> <span class='ocrx_word' id='word_1_42' title='bbox 1008 1463 1224 1543; x_wconf 65' lang='lat' dir='ltr'><strong>dominicae</strong></span> <span class='ocrx_word' id='word_1_43' title='bbox 1254 1463 1335 1550; x_wconf 88' lang='lat' dir='ltr'><strong>ipsis</strong></span> <span class='ocrx_word' id='word_1_44' title='bbox 1365 1463 1491 1530; x_wconf 89' lang='lat' dir='ltr'><strong>subser-</strong></span> 
     </span>
    </p>
   </div>
   <div class='ocr_carea' id='block_1_6' title="bbox 353 1563 1490 1754">
    <p class='ocr_par' dir='ltr' id='par_1_6' title="bbox 353 1563 1490 1754">
     <span class='ocr_line' id='line_1_10' title="bbox 353 1563 1490 1652; baseline 0.002 -24"><span class='ocrx_word' id='word_1_45' title='bbox 353 1635 358 1644; x_wconf 21' lang='grc' dir='ltr'><strong><em>Δ</em></strong></span> <span class='ocrx_word' id='word_1_46' title='bbox 444 1563 515 1630; x_wconf 80' lang='lat' dir='ltr'><strong>rire</strong></span> <span class='ocrx_word' id='word_1_47' title='bbox 538 1565 754 1651; x_wconf 85' lang='lat' dir='ltr'><strong>compellant;</strong></span> <span class='ocrx_word' id='word_1_48' title='bbox 777 1565 827 1632; x_wconf 87' lang='lat' dir='ltr'><strong>ita</strong></span> <span class='ocrx_word' id='word_1_49' title='bbox 849 1565 937 1652; x_wconf 89' lang='lat' dir='ltr'><strong>quod</strong></span> <span class='ocrx_word' id='word_1_50' title='bbox 963 1565 1004 1630; x_wconf 88' lang='lat' dir='ltr'><strong>de</strong></span> <span class='ocrx_word' id='word_1_51' title='bbox 1025 1564 1249 1642; x_wconf 88' lang='lat' dir='ltr'><strong>verisimili,si</strong></span> <span class='ocrx_word' id='word_1_52' title='bbox 1270 1587 1490 1652; x_wconf 76' lang='lat' dir='ltr'><strong>nequaquam,</strong></span> 
     </span>
     <span class='ocr_line' id='line_1_11' title="bbox 369 1665 1489 1754; baseline 0.002 -24"><span class='ocrx_word' id='word_1_53' title='bbox 369 1705 376 1715; x_wconf 91' lang='lat'><strong>·</strong></span> <span class='ocrx_word' id='word_1_54' title='bbox 443 1665 487 1730; x_wconf 87' lang='lat' dir='ltr'><strong>ad</strong></span> <span class='ocrx_word' id='word_1_55' title='bbox 516 1666 770 1754; x_wconf 84' lang='lat' dir='ltr'><strong>dirumpendum</strong></span> <span class='ocrx_word' id='word_1_56' title='bbox 801 1667 936 1733; x_wconf 85' lang='lat' dir='ltr'><strong>vincula</strong></span> <span class='ocrx_word' id='word_1_57' title='bbox 964 1689 1087 1747; x_wconf 89' lang='lat' dir='ltr'><strong>eorum,</strong></span> <span class='ocrx_word' id='word_1_58' title='bbox 1115 1672 1150 1734; x_wconf 89' lang='lat' dir='ltr'><strong>et</strong></span> <span class='ocrx_word' id='word_1_59' title='bbox 1180 1665 1439 1753; x_wconf 67' lang='lat' dir='ltr'><strong>²projiciendum</strong></span> <span class='ocrx_word' id='word_1_60' title='bbox 1470 1691 1489 1732; x_wconf 87' lang='lat' dir='ltr'><strong>a</strong></span> 
     </span>
    </p>
   </div>
   <div class='ocr_carea' id='block_1_7' title="bbox 272 3703 365 3782">
    <p class='ocr_par' dir='ltr' id='par_1_7' title="bbox 272 3703 365 3782">
     <span class='ocr_line' id='line_1_12' title="bbox 272 3703 365 3782; baseline 0 -28"><span class='ocrx_word' id='word_1_61' title='bbox 272 3703 349 3768; x_wconf 86' lang='lat' dir='ltr'><strong>Upon</strong></span> <span class='ocrx_word' id='word_1_62' title='bbox 358 3771 365 3782; x_wconf 42' lang='lat'><strong>·</strong></span> 
     </span>
    </p>
   </div>
   <div class='ocr_carea' id='block_1_8' title="bbox 444 1766 1592 1856">
    <p class='ocr_par' dir='ltr' id='par_1_8' title="bbox 444 1766 1592 1856">
     <span class='ocr_line' id='line_1_13' title="bbox 444 1766 1592 1856; baseline -0.003 -20"><span class='ocrx_word' id='word_1_63' title='bbox 444 1766 542 1837; x_wconf 79' lang='lat' dir='ltr'><strong>distis</strong></span> <span class='ocrx_word' id='word_1_64' title='bbox 564 1769 701 1856; x_wconf 90' lang='lat' dir='ltr'><strong>populis,</strong></span> <span class='ocrx_word' id='word_1_65' title='bbox 723 1770 844 1835; x_wconf 87' lang='lat' dir='ltr'><strong>nostris</strong></span> <span class='ocrx_word' id='word_1_66' title='bbox 866 1768 1032 1848; x_wconf 85' lang='lat' dir='ltr'><strong>fratribus,</strong></span> <span class='ocrx_word' id='word_1_67' title='bbox 1047 1775 1082 1835; x_wconf 87' lang='lat' dir='ltr'><strong>st</strong></span> <span class='ocrx_word' id='word_1_68' title='bbox 1102 1768 1244 1835; x_wconf 85' lang='lat' dir='ltr'><strong>coelestis</strong></span> <span class='ocrx_word' id='word_1_69' title='bbox 1267 1769 1361 1856; x_wconf 87' lang='lat' dir='ltr'><strong>regni</strong></span> <span class='ocrx_word' id='word_1_70' title='bbox 1382 1769 1491 1836; x_wconf 89' lang='lat' dir='ltr'><strong>nobis-</strong></span> <span class='ocrx_word' id='word_1_71' title='bbox 1587 1814 1592 1824; x_wconf 86' lang='lat'>.</span> 
     </span>
    </p>
   </div>
   <div class='ocr_carea' id='block_1_9' title="bbox 439 1869 1490 3792">
    <p class='ocr_par' dir='ltr' id='par_1_9' title="bbox 439 1869 1490 3792">
     <span class='ocr_line' id='line_1_14' title="bbox 443 1869 1489 1958; baseline -0.002 -22"><span class='ocrx_word' id='word_1_72' title='bbox 443 1891 517 1936; x_wconf 89' lang='lat' dir='ltr'><strong>cum</strong></span> <span class='ocrx_word' id='word_1_73' title='bbox 540 1871 777 1952; x_wconf 74' lang='lat' dir='ltr'><strong>cohaeredibus,</strong></span> <span class='ocrx_word' id='word_1_74' title='bbox 781 1871 899 1958; x_wconf 87' lang='lat' dir='ltr'><strong>jugum</strong></span> <span class='ocrx_word' id='word_1_75' title='bbox 921 1871 1078 1958; x_wconf 88' lang='lat' dir='ltr'><strong>ipsorum,</strong></span> <span class='ocrx_word' id='word_1_76' title='bbox 1093 1871 1200 1936; x_wconf 80' lang='lat' dir='ltr'><strong>velint</strong></span> <span class='ocrx_word' id='word_1_77' title='bbox 1216 1869 1489 1936; x_wconf 74' lang='lat' dir='ltr'><strong>Christianismmi</strong></span> 
     </span>
     <span class='ocr_line' id='line_1_15' title="bbox 442 1972 1490 2062; baseline 0.001 -23"><span class='ocrx_word' id='word_1_78' title='bbox 442 1975 549 2040; x_wconf 87' lang='lat' dir='ltr'><strong>nostri</strong></span> <span class='ocrx_word' id='word_1_79' title='bbox 578 1974 747 2062; x_wconf 82' lang='lat' dir='ltr'><strong>principes,</strong></span> <span class='ocrx_word' id='word_1_80' title='bbox 774 1975 877 2060; x_wconf 83' lang='lat' dir='ltr'><strong>juxta</strong></span> <span class='ocrx_word' id='word_1_81' title='bbox 909 1975 1093 2040; x_wconf 77' lang='lat' dir='ltr'><strong>doctrinam</strong></span> <span class='ocrx_word' id='word_1_82' title='bbox 1123 1972 1340 2054; x_wconf 77' lang='lat' dir='ltr'><strong>³Psalmistae,</strong></span> <span class='ocrx_word' id='word_1_83' title='bbox 1375 1995 1490 2062; x_wconf 81' lang='lat' dir='ltr'><strong>appre-</strong></span> 
     </span>
     <span class='ocr_line' id='line_1_16' title="bbox 441 2074 1488 2162; baseline -0.003 -21"><span class='ocrx_word' id='word_1_84' title='bbox 441 2075 585 2142; x_wconf 84' lang='lat' dir='ltr'><strong>hendere</strong></span> <span class='ocrx_word' id='word_1_85' title='bbox 607 2098 699 2142; x_wconf 87' lang='lat' dir='ltr'><strong>arma</strong></span> <span class='ocrx_word' id='word_1_86' title='bbox 720 2082 755 2142; x_wconf 90' lang='lat' dir='ltr'><strong>et</strong></span> <span class='ocrx_word' id='word_1_87' title='bbox 777 2083 915 2158; x_wconf 89' lang='lat' dir='ltr'><strong>scutum,</strong></span> <span class='ocrx_word' id='word_1_88' title='bbox 937 2076 1067 2162; x_wconf 88' lang='lat' dir='ltr'><strong>illisque</strong></span> <span class='ocrx_word' id='word_1_89' title='bbox 1093 2074 1131 2142; x_wconf 92' lang='lat' dir='ltr'><strong>in</strong></span> <span class='ocrx_word' id='word_1_90' title='bbox 1160 2075 1362 2162; x_wconf 85' lang='lat' dir='ltr'><strong>adjutorium</strong></span> <span class='ocrx_word' id='word_1_91' title='bbox 1391 2097 1488 2140; x_wconf 87' lang='lat' dir='ltr'><strong>exur-</strong></span> 
     </span>
     <span class='ocr_line' id='line_1_17' title="bbox 441 2175 1487 2266; baseline -0.002 -22"><span class='ocrx_word' id='word_1_92' title='bbox 441 2199 526 2265; x_wconf 88' lang='lat' dir='ltr'><strong>gere,</strong></span> <span class='ocrx_word' id='word_1_93' title='bbox 540 2179 698 2245; x_wconf 74' lang='lat' dir='ltr'><strong>intraturi</strong></span> <span class='ocrx_word' id='word_1_94' title='bbox 720 2184 818 2245; x_wconf 87' lang='lat' dir='ltr'><strong>erunt</strong></span> <span class='ocrx_word' id='word_1_95' title='bbox 841 2179 881 2244; x_wconf 91' lang='lat' dir='ltr'><strong>de</strong></span> <span class='ocrx_word' id='word_1_96' title='bbox 895 2178 1046 2266; x_wconf 86' lang='lat' dir='ltr'><strong>proximo</strong></span> <span class='ocrx_word' id='word_1_97' title='bbox 1068 2178 1104 2242; x_wconf 90' lang='lat' dir='ltr'><strong>in</strong></span> <span class='ocrx_word' id='word_1_98' title='bbox 1121 2175 1314 2265; x_wconf 84' lang='lat' dir='ltr'><strong>Ungariam,</strong></span> <span class='ocrx_word' id='word_1_99' title='bbox 1335 2176 1487 2263; x_wconf 85' lang='lat' dir='ltr'><strong>subjuga-</strong></span> 
     </span>
     <span class='ocr_line' id='line_1_18' title="bbox 440 2279 1488 2366; baseline 0 -22"><span class='ocrx_word' id='word_1_100' title='bbox 440 2280 573 2365; x_wconf 86' lang='lat' dir='ltr'><strong>turique</strong></span> <span class='ocrx_word' id='word_1_101' title='bbox 596 2281 661 2346; x_wconf 89' lang='lat' dir='ltr'><strong>sibi</strong></span> <span class='ocrx_word' id='word_1_102' title='bbox 681 2284 788 2346; x_wconf 89' lang='lat' dir='ltr'><strong>totam</strong></span> <span class='ocrx_word' id='word_1_103' title='bbox 810 2280 900 2345; x_wconf 86' lang='lat' dir='ltr'><strong>illam</strong></span> <span class='ocrx_word' id='word_1_104' title='bbox 922 2281 1073 2366; x_wconf 88' lang='lat' dir='ltr'><strong>patriam,</strong></span> <span class='ocrx_word' id='word_1_105' title='bbox 1089 2301 1110 2344; x_wconf 89' lang='lat' dir='ltr'><strong>a</strong></span> <span class='ocrx_word' id='word_1_106' title='bbox 1124 2279 1261 2346; x_wconf 88' lang='lat' dir='ltr'><strong>flumine</strong></span> <span class='ocrx_word' id='word_1_107' title='bbox 1277 2280 1364 2345; x_wconf 90' lang='lat' dir='ltr'><strong>dicto</strong></span> <span class='ocrx_word' id='word_1_108' title='bbox 1385 2300 1488 2365; x_wconf 87' lang='lat' dir='ltr'><strong>usque</strong></span> 
     </span>
     <span class='ocr_line' id='line_1_19' title="bbox 440 2379 1489 2468; baseline -0.001 -23"><span class='ocrx_word' id='word_1_109' title='bbox 440 2379 623 2448; x_wconf 74' lang='lat' dir='ltr'><strong>⁴Rhenum.</strong></span> <span class='ocrx_word' id='word_1_110' title='bbox 672 2382 768 2462; x_wconf 78' lang='lat' dir='ltr'><strong>Quod</strong></span> <span class='ocrx_word' id='word_1_111' title='bbox 790 2404 832 2448; x_wconf 89' lang='lat' dir='ltr'><strong>ne</strong></span> <span class='ocrx_word' id='word_1_112' title='bbox 847 2383 1063 2468; x_wconf 85' lang='lat' dir='ltr'><strong>contingeret,</strong></span> <span class='ocrx_word' id='word_1_113' title='bbox 1078 2381 1201 2446; x_wconf 83' lang='lat' dir='ltr'><strong>limmo</strong></span> <span class='ocrx_word' id='word_1_114' title='bbox 1216 2381 1323 2459; x_wconf 89' lang='lat' dir='ltr'><strong>citius,</strong></span> <span class='ocrx_word' id='word_1_115' title='bbox 1337 2387 1377 2448; x_wconf 90' lang='lat' dir='ltr'><strong>nt</strong></span> <span class='ocrx_word' id='word_1_116' title='bbox 1390 2381 1489 2453; x_wconf 84' lang='lat' dir='ltr'><strong>Deus,</strong></span> 
     </span>
     <span class='ocr_line' id='line_1_20' title="bbox 441 2481 1490 2570; baseline 0 -22"><span class='ocrx_word' id='word_1_117' title='bbox 441 2481 605 2548; x_wconf 89' lang='lat' dir='ltr'><strong>ultionum</strong></span> <span class='ocrx_word' id='word_1_118' title='bbox 628 2484 798 2563; x_wconf 86' lang='lat' dir='ltr'><strong>Dominus,</strong></span> <span class='ocrx_word' id='word_1_119' title='bbox 821 2484 919 2566; x_wconf 89' lang='lat' dir='ltr'><strong>Deus,</strong></span> <span class='ocrx_word' id='word_1_120' title='bbox 942 2484 1104 2562; x_wconf 86' lang='lat' dir='ltr'><strong>videlicet,</strong></span> <span class='ocrx_word' id='word_1_121' title='bbox 1127 2483 1192 2561; x_wconf 90' lang='lat' dir='ltr'><strong>ille,</strong></span> <span class='ocrx_word' id='word_1_122' title='bbox 1215 2484 1273 2569; x_wconf 89' lang='lat' dir='ltr'><strong>qui</strong></span> <span class='ocrx_word' id='word_1_123' title='bbox 1294 2483 1398 2548; x_wconf 88' lang='lat' dir='ltr'><strong>libere</strong></span> <span class='ocrx_word' id='word_1_124' title='bbox 1419 2483 1490 2570; x_wconf 82' lang='lat' dir='ltr'><strong>agit</strong></span> 
     </span>
     <span class='ocr_line' id='line_1_21' title="bbox 440 2583 1490 2672; baseline 0 -24"><span class='ocrx_word' id='word_1_125' title='bbox 440 2585 476 2648; x_wconf 90' lang='lat' dir='ltr'><strong>in</strong></span> <span class='ocrx_word' id='word_1_126' title='bbox 491 2584 629 2672; x_wconf 85' lang='lat' dir='ltr'><strong>singulis</strong></span> <span class='ocrx_word' id='word_1_127' title='bbox 644 2584 827 2651; x_wconf 89' lang='lat' dir='ltr'><strong>ultionibus</strong></span> <span class='ocrx_word' id='word_1_128' title='bbox 843 2586 919 2665; x_wconf 89' lang='lat' dir='ltr'><strong>suis,</strong></span> <span class='ocrx_word' id='word_1_129' title='bbox 934 2607 1046 2652; x_wconf 88' lang='lat' dir='ltr'><strong>eorum</strong></span> <span class='ocrx_word' id='word_1_130' title='bbox 1061 2590 1277 2671; x_wconf 76' lang='lat' dir='ltr'><strong>composuerat</strong></span> <span class='ocrx_word' id='word_1_131' title='bbox 1294 2583 1490 2672; x_wconf 81' lang='lat' dir='ltr'><strong>superbiam,</strong></span> 
     </span>
     <span class='ocr_line' id='line_1_22' title="bbox 440 2686 1490 2774; baseline -0.004 -20"><span class='ocrx_word' id='word_1_132' title='bbox 440 2708 500 2768; x_wconf 77' lang='lat' dir='ltr'><strong>nec</strong></span> <span class='ocrx_word' id='word_1_133' title='bbox 522 2687 661 2754; x_wconf 90' lang='lat' dir='ltr'><strong>ulterius</strong></span> <span class='ocrx_word' id='word_1_134' title='bbox 683 2688 720 2754; x_wconf 93' lang='lat' dir='ltr'><strong>in</strong></span> <span class='ocrx_word' id='word_1_135' title='bbox 741 2711 801 2754; x_wconf 90' lang='lat' dir='ltr'><strong>sua</strong></span> <span class='ocrx_word' id='word_1_136' title='bbox 822 2688 956 2774; x_wconf 85' lang='lat' dir='ltr'><strong>gloriari</strong></span> <span class='ocrx_word' id='word_1_137' title='bbox 978 2687 1173 2754; x_wconf 88' lang='lat' dir='ltr'><strong>fortitudine</strong></span> <span class='ocrx_word' id='word_1_138' title='bbox 1195 2687 1359 2765; x_wconf 86' lang='lat' dir='ltr'><strong>toleraret,</strong></span> <span class='ocrx_word' id='word_1_139' title='bbox 1376 2686 1490 2752; x_wconf 89' lang='lat' dir='ltr'><strong>Domi-</strong></span> 
     </span>
     <span class='ocr_line' id='line_1_23' title="bbox 439 2786 1490 2876; baseline -0.002 -19"><span class='ocrx_word' id='word_1_140' title='bbox 439 2811 503 2866; x_wconf 83' lang='lat' dir='ltr'><strong>nus</strong></span> <span class='ocrx_word' id='word_1_141' title='bbox 527 2790 682 2856; x_wconf 89' lang='lat' dir='ltr'><strong>Summus</strong></span> <span class='ocrx_word' id='word_1_142' title='bbox 703 2789 918 2876; x_wconf 85' lang='lat' dir='ltr'><strong>Apostolicus,</strong></span> <span class='ocrx_word' id='word_1_143' title='bbox 940 2789 1112 2869; x_wconf 87' lang='lat' dir='ltr'><strong>Dominus,</strong></span> <span class='ocrx_word' id='word_1_144' title='bbox 1134 2789 1264 2865; x_wconf 89' lang='lat' dir='ltr'><strong>scilicet,</strong></span> <span class='ocrx_word' id='word_1_145' title='bbox 1288 2786 1490 2875; x_wconf 81' lang='lat' dir='ltr'><strong>⁶supremus,</strong></span> 
     </span>
     <span class='ocr_line' id='line_1_24' title="bbox 440 2890 1489 2978; baseline -0.002 -22"><span class='ocrx_word' id='word_1_146' title='bbox 440 2890 534 2978; x_wconf 79' lang='lat' dir='ltr'><strong>lejus</strong></span> <span class='ocrx_word' id='word_1_147' title='bbox 567 2893 717 2960; x_wconf 87' lang='lat' dir='ltr'><strong>Vicarius</strong></span> <span class='ocrx_word' id='word_1_148' title='bbox 748 2892 801 2958; x_wconf 94' lang='lat' dir='ltr'><strong>hic</strong></span> <span class='ocrx_word' id='word_1_149' title='bbox 826 2891 863 2956; x_wconf 92' lang='lat' dir='ltr'><strong>in</strong></span> <span class='ocrx_word' id='word_1_150' title='bbox 894 2891 1009 2969; x_wconf 76' lang='lat' dir='ltr'><strong>terris,</strong></span> <span class='ocrx_word' id='word_1_151' title='bbox 1023 2913 1066 2958; x_wconf 85' lang='lat' dir='ltr'><strong>ex</strong></span> <span class='ocrx_word' id='word_1_152' title='bbox 1099 2891 1315 2978; x_wconf 80' lang='lat' dir='ltr'><strong>inspiratione</strong></span> <span class='ocrx_word' id='word_1_153' title='bbox 1346 2890 1489 2978; x_wconf 80' lang='lat' dir='ltr'><strong>Spiritus</strong></span> 
     </span>
     <span class='ocr_line' id='line_1_25' title="bbox 440 2992 1488 3083; baseline -0.005 -20"><span class='ocrx_word' id='word_1_154' title='bbox 440 2995 531 3069; x_wconf 82' lang='lat' dir='ltr'><strong>illius</strong></span> <span class='ocrx_word' id='word_1_155' title='bbox 553 2997 611 3080; x_wconf 81' lang='lat' dir='ltr'><strong>qui</strong></span> <span class='ocrx_word' id='word_1_156' title='bbox 635 3014 761 3083; x_wconf 80' lang='lat' dir='ltr'><strong>semper</strong></span> <span class='ocrx_word' id='word_1_157' title='bbox 781 2993 923 3082; x_wconf 78' lang='lat' dir='ltr'><strong>inspirat</strong></span> <span class='ocrx_word' id='word_1_158' title='bbox 945 2993 988 3058; x_wconf 83' lang='lat' dir='ltr'><strong>ad</strong></span> <span class='ocrx_word' id='word_1_159' title='bbox 1010 2993 1135 3074; x_wconf 90' lang='lat' dir='ltr'><strong>melius,</strong></span> <span class='ocrx_word' id='word_1_160' title='bbox 1150 2992 1312 3058; x_wconf 86' lang='lat' dir='ltr'><strong>celebrare</strong></span> <span class='ocrx_word' id='word_1_161' title='bbox 1334 2993 1488 3072; x_wconf 86' lang='lat' dir='ltr'><strong>decrevit,</strong></span> 
     </span>
     <span class='ocr_line' id='line_1_26' title="bbox 439 3094 1487 3174; baseline -0.006 -8"><span class='ocrx_word' id='word_1_162' title='bbox 439 3098 476 3166; x_wconf 83' lang='lat' dir='ltr'><strong>iu</strong></span> <span class='ocrx_word' id='word_1_163' title='bbox 497 3099 630 3164; x_wconf 84' lang='lat' dir='ltr'><strong>nomine</strong></span> <span class='ocrx_word' id='word_1_164' title='bbox 652 3097 788 3164; x_wconf 92' lang='lat' dir='ltr'><strong>Domini</strong></span> <span class='ocrx_word' id='word_1_165' title='bbox 811 3095 1000 3174; x_wconf 85' lang='lat' dir='ltr'><strong>Salvatoris,</strong></span> <span class='ocrx_word' id='word_1_166' title='bbox 1020 3117 1125 3160; x_wconf 90' lang='lat' dir='ltr'><strong>unum</strong></span> <span class='ocrx_word' id='word_1_167' title='bbox 1147 3095 1290 3160; x_wconf 87' lang='lat' dir='ltr'><strong>solemne</strong></span> <span class='ocrx_word' id='word_1_168' title='bbox 1305 3094 1487 3160; x_wconf 81' lang='lat' dir='ltr'><strong>Concilium</strong></span> 
     </span>
     <span class='ocr_line' id='line_1_27' title="bbox 439 3196 1488 3285; baseline -0.004 -21"><span class='ocrx_word' id='word_1_169' title='bbox 439 3197 476 3264; x_wconf 90' lang='lat' dir='ltr'><strong>in</strong></span> <span class='ocrx_word' id='word_1_170' title='bbox 490 3197 619 3278; x_wconf 84' lang='lat' dir='ltr'><strong>⁸Italie,</strong></span> <span class='ocrx_word' id='word_1_171' title='bbox 635 3200 723 3285; x_wconf 90' lang='lat' dir='ltr'><strong>apud</strong></span> <span class='ocrx_word' id='word_1_172' title='bbox 746 3197 861 3262; x_wconf 85' lang='lat' dir='ltr'><strong>urbem</strong></span> <span class='ocrx_word' id='word_1_173' title='bbox 877 3197 1046 3275; x_wconf 82' lang='lat' dir='ltr'><strong>Mantuae3</strong></span> <span class='ocrx_word' id='word_1_174' title='bbox 1068 3197 1110 3262; x_wconf 91' lang='lat' dir='ltr'><strong>ad</strong></span> <span class='ocrx_word' id='word_1_175' title='bbox 1126 3196 1214 3282; x_wconf 93' lang='lat' dir='ltr'><strong>quod</strong></span> <span class='ocrx_word' id='word_1_176' title='bbox 1237 3196 1350 3261; x_wconf 86' lang='lat' dir='ltr'><strong>venire</strong></span> <span class='ocrx_word' id='word_1_177' title='bbox 1373 3196 1488 3270; x_wconf 87' lang='lat' dir='ltr'><strong>voluit,</strong></span> 
     </span>
     <span class='ocr_line' id='line_1_28' title="bbox 440 3297 1487 3385; baseline -0.006 -19"><span class='ocrx_word' id='word_1_178' title='bbox 440 3300 623 3383; x_wconf 87' lang='lat' dir='ltr'><strong>admonuit,</strong></span> <span class='ocrx_word' id='word_1_179' title='bbox 654 3306 689 3366; x_wconf 89' lang='lat' dir='ltr'><strong>et</strong></span> <span class='ocrx_word' id='word_1_180' title='bbox 722 3297 902 3377; x_wconf 85' lang='lat' dir='ltr'><strong>mandavit,</strong></span> <span class='ocrx_word' id='word_1_181' title='bbox 932 3319 1032 3384; x_wconf 88' lang='lat' dir='ltr'><strong>reges,</strong></span> <span class='ocrx_word' id='word_1_182' title='bbox 1062 3298 1234 3385; x_wconf 84' lang='lat' dir='ltr'><strong>principes,</strong></span> <span class='ocrx_word' id='word_1_183' title='bbox 1266 3301 1300 3363; x_wconf 88' lang='lat' dir='ltr'><strong>et</strong></span> <span class='ocrx_word' id='word_1_184' title='bbox 1337 3301 1487 3384; x_wconf 87' lang='lat' dir='ltr'><strong>potentes</strong></span> 
     </span>
     <span class='ocr_line' id='line_1_29' title="bbox 440 3399 1488 3484; baseline -0.004 -17"><span class='ocrx_word' id='word_1_185' title='bbox 440 3403 545 3468; x_wconf 89' lang='lat' dir='ltr'><strong>totius</strong></span> <span class='ocrx_word' id='word_1_186' title='bbox 569 3401 838 3482; x_wconf 74' lang='lat' dir='ltr'><strong>Christianitatis</strong></span> <span class='ocrx_word' id='word_1_187' title='bbox 862 3400 905 3464; x_wconf 89' lang='lat' dir='ltr'><strong>ad</strong></span> <span class='ocrx_word' id='word_1_188' title='bbox 929 3399 1142 3466; x_wconf 87' lang='lat' dir='ltr'><strong>tractandum</strong></span> <span class='ocrx_word' id='word_1_189' title='bbox 1172 3400 1488 3484; x_wconf 86' lang='lat' dir='ltr'><strong>consultandumque</strong></span> 
     </span>
     <span class='ocr_line' id='line_1_30' title="bbox 440 3500 1487 3588; baseline -0.002 -21"><span class='ocrx_word' id='word_1_190' title='bbox 440 3505 477 3567; x_wconf 92' lang='lat' dir='ltr'><strong>in</strong></span> <span class='ocrx_word' id='word_1_191' title='bbox 500 3504 613 3570; x_wconf 89' lang='lat' dir='ltr'><strong>eodem</strong></span> <span class='ocrx_word' id='word_1_192' title='bbox 645 3525 718 3568; x_wconf 91' lang='lat' dir='ltr'><strong>cum</strong></span> <span class='ocrx_word' id='word_1_193' title='bbox 750 3502 830 3588; x_wconf 87' lang='lat' dir='ltr'><strong>ipsis</strong></span> <span class='ocrx_word' id='word_1_194' title='bbox 862 3501 903 3567; x_wconf 92' lang='lat' dir='ltr'><strong>de</strong></span> <span class='ocrx_word' id='word_1_195' title='bbox 925 3503 998 3580; x_wconf 91' lang='lat' dir='ltr'><strong>viis,</strong></span> <span class='ocrx_word' id='word_1_196' title='bbox 1021 3502 1135 3580; x_wconf 88' lang='lat' dir='ltr'><strong>modis,</strong></span> <span class='ocrx_word' id='word_1_197' title='bbox 1158 3503 1193 3567; x_wconf 89' lang='lat' dir='ltr'><strong>ct</strong></span> <span class='ocrx_word' id='word_1_198' title='bbox 1219 3501 1345 3580; x_wconf 87' lang='lat' dir='ltr'><strong>mediis,</strong></span> <span class='ocrx_word' id='word_1_199' title='bbox 1367 3500 1487 3587; x_wconf 88' lang='lat' dir='ltr'><strong>quibus</strong></span> 
     </span>
     <span class='ocr_line' id='line_1_31' title="bbox 440 3602 1450 3692; baseline -0.004 -20"><span class='ocrx_word' id='word_1_200' title='bbox 440 3610 550 3692; x_wconf 86' lang='lat' dir='ltr'><strong>posset</strong></span> <span class='ocrx_word' id='word_1_201' title='bbox 572 3605 755 3671; x_wconf 82' lang='lat' dir='ltr'><strong>ambitiosis</strong></span> <span class='ocrx_word' id='word_1_202' title='bbox 777 3603 954 3692; x_wconf 89' lang='lat' dir='ltr'><strong>impiorum</strong></span> <span class='ocrx_word' id='word_1_203' title='bbox 976 3604 1161 3670; x_wconf 88' lang='lat' dir='ltr'><strong>insolentiis</strong></span> <span class='ocrx_word' id='word_1_204' title='bbox 1182 3603 1294 3690; x_wconf 85' lang='lat' dir='ltr'><strong>aptius</strong></span> <span class='ocrx_word' id='word_1_205' title='bbox 1316 3602 1450 3668; x_wconf 87' lang='lat' dir='ltr'><strong>obviari</strong></span> 
     </span>
     <span class='ocr_line' id='line_1_32' title="bbox 487 3703 1485 3792; baseline -0.003 -21"><span class='ocrx_word' id='word_1_206' title='bbox 487 3706 833 3786; x_wconf 68' lang='lat' dir='ltr'><strong>Tertio-declaravit</strong></span> <span class='ocrx_word' id='word_1_207' title='bbox 855 3728 913 3792; x_wconf 86' lang='lat' dir='ltr'><strong>per</strong></span> <span class='ocrx_word' id='word_1_208' title='bbox 934 3706 1112 3792; x_wconf 85' lang='lat' dir='ltr'><strong>scripturas</strong></span> <span class='ocrx_word' id='word_1_209' title='bbox 1134 3704 1250 3783; x_wconf 86' lang='lat' dir='ltr'><strong>varias,</strong></span> <span class='ocrx_word' id='word_1_210' title='bbox 1272 3711 1307 3770; x_wconf 91' lang='lat' dir='ltr'><strong>et</strong></span> <span class='ocrx_word' id='word_1_211' title='bbox 1322 3703 1485 3780; x_wconf 84' lang='lat' dir='ltr'><strong>historias,</strong></span> 
     </span>
    </p>
   </div>
   <div class='ocr_carea' id='block_1_10' title="bbox 270 3771 1487 3895">
    <p class='ocr_par' dir='ltr' id='par_1_10' title="bbox 270 3771 1487 3895">
     <span class='ocr_line' id='line_1_33' title="bbox 270 3771 1487 3895; baseline -0.004 -20"><span class='ocrx_word' id='word_1_212' title='bbox 270 3771 300 3821; x_wconf 52' lang='lat' dir='ltr'><strong>lh</strong></span> <span class='ocrx_word' id='word_1_213' title='bbox 325 3771 375 3820; x_wconf 70' lang='lat' dir='ltr'><strong>evil</strong></span> <span class='ocrx_word' id='word_1_214' title='bbox 443 3811 607 3895; x_wconf 90' lang='lat' dir='ltr'><strong>quomodo</strong></span> <span class='ocrx_word' id='word_1_215' title='bbox 629 3809 735 3875; x_wconf 89' lang='lat' dir='ltr'><strong>totius</strong></span> <span class='ocrx_word' id='word_1_216' title='bbox 755 3806 953 3876; x_wconf 84' lang='lat' dir='ltr'><strong>calamitatis</strong></span> <span class='ocrx_word' id='word_1_217' title='bbox 976 3808 1073 3874; x_wconf 84' lang='lat' dir='ltr'><strong>dictae</strong></span> <span class='ocrx_word' id='word_1_218' title='bbox 1089 3809 1265 3884; x_wconf 89' lang='lat' dir='ltr'><strong>contentio,</strong></span> <span class='ocrx_word' id='word_1_219' title='bbox 1282 3807 1385 3872; x_wconf 87' lang='lat' dir='ltr'><strong>effusa</strong></span> <span class='ocrx_word' id='word_1_220' title='bbox 1399 3807 1487 3872; x_wconf 88' lang='lat' dir='ltr'><strong>inter</strong></span> 
     </span>
    </p>
   </div>
   <div class='ocr_carea' id='block_1_11' title="bbox 269 3785 414 4088">
    <p class='ocr_par' dir='ltr' id='par_1_11' title="bbox 269 3785 414 4088">
     <span class='ocr_line' id='line_1_34' title="bbox 300 3785 389 3821; baseline -0.011 0"><span class='ocrx_word' id='word_1_221' title='bbox 300 3786 314 3821; x_wconf 86' lang='lat' dir='ltr'><strong>e</strong></span> <span class='ocrx_word' id='word_1_222' title='bbox 376 3785 389 3820; x_wconf 88' lang='lat' dir='ltr'><strong>s</strong></span> 
     </span>
     <span class='ocr_line' id='line_1_35' title="bbox 270 3837 394 3903; baseline 0.008 -16"><span class='ocrx_word' id='word_1_223' title='bbox 270 3837 394 3903; x_wconf 79' lang='lat' dir='ltr'><strong>resulting</strong></span> 
     </span>
     <span class='ocr_line' id='line_1_36' title="bbox 269 3901 390 3954; baseline 0.008 -1"><span class='ocrx_word' id='word_1_224' title='bbox 269 3901 336 3953; x_wconf 72' lang='lat' dir='ltr'><strong>bom</strong></span> <span class='ocrx_word' id='word_1_225' title='bbox 347 3903 390 3954; x_wconf 86' lang='lat' dir='ltr'><strong>the</strong></span> 
     </span>
     <span class='ocr_line' id='line_1_37' title="bbox 270 3969 382 4020; baseline 0 -1"><span class='ocrx_word' id='word_1_226' title='bbox 270 3985 282 4019; x_wconf 86' lang='lat' dir='ltr'><strong>s</strong></span> <span class='ocrx_word' id='word_1_227' title='bbox 299 3969 342 4020; x_wconf 84' lang='lat' dir='ltr'><strong>irit</strong></span> <span class='ocrx_word' id='word_1_228' title='bbox 353 3970 382 4019; x_wconf 85' lang='lat' dir='ltr'><strong>of</strong></span> 
     </span>
     <span class='ocr_line' id='line_1_38' title="bbox 270 4036 414 4088; baseline -0.014 0"><span class='ocrx_word' id='word_1_229' title='bbox 270 4036 414 4088; x_wconf 74' lang='lat' dir='ltr'><strong>contentiori</strong></span> 
     </span>
    </p>
   </div>
   <div class='ocr_carea' id='block_1_12' title="bbox 220 4103 417 4234">
    <p class='ocr_par' dir='ltr' id='par_1_12' title="bbox 220 4103 417 4234">
     <span class='ocr_line' id='line_1_39' title="bbox 220 4103 417 4168; baseline 0.005 -15"><span class='ocrx_word' id='word_1_230' title='bbox 220 4157 222 4162; x_wconf 64' lang='grc'><em>,</em></span> <span class='ocrx_word' id='word_1_231' title='bbox 270 4117 362 4168; x_wconf 79' lang='lat' dir='ltr'><strong>among</strong></span> <span class='ocrx_word' id='word_1_232' title='bbox 373 4103 417 4154; x_wconf 79' lang='lat' dir='ltr'><strong>the</strong></span> 
     </span>
     <span class='ocr_line' id='line_1_40' title="bbox 269 4177 340 4234; baseline 0 -15"><span class='ocrx_word' id='word_1_233' title='bbox 269 4177 340 4234; x_wconf 72' lang='lat' dir='ltr'><strong>great</strong></span> 
     </span>
    </p>
   </div>
   <div class='ocr_carea' id='block_1_13' title="bbox 267 4185 428 4384">
    <p class='ocr_par' dir='ltr' id='par_1_13' title="bbox 267 4185 428 4384">
     <span class='ocr_line' id='line_1_41' title="bbox 357 4185 428 4222; baseline 0.042 -3"><span class='ocrx_word' id='word_1_234' title='bbox 357 4185 428 4222; x_wconf 83' lang='lat' dir='ltr'><strong>sore·</strong></span> 
     </span>
     <span class='ocr_line' id='line_1_42' title="bbox 269 4234 396 4300; baseline 0.008 -15"><span class='ocrx_word' id='word_1_235' title='bbox 269 4234 353 4300; x_wconf 78' lang='lat' dir='ltr'><strong>reigns</strong></span> <span class='ocrx_word' id='word_1_236' title='bbox 365 4237 396 4286; x_wconf 78' lang='lat' dir='ltr'><strong>of</strong></span> 
     </span>
     <span class='ocr_line' id='line_1_43' title="bbox 267 4301 376 4384; baseline 0.018 -32"><span class='ocrx_word' id='word_1_237' title='bbox 267 4301 376 4384; x_wconf 80' lang='lat' dir='ltr'><strong>Europe.</strong></span> 
     </span>
    </p>
   </div>
   <div class='ocr_carea' id='block_1_14' title="bbox 440 3909 1487 4303">
    <p class='ocr_par' dir='ltr' id='par_1_14' title="bbox 440 3909 1487 4303">
     <span class='ocr_line' id='line_1_44' title="bbox 442 3909 1486 4001; baseline -0.006 -23"><span class='ocrx_word' id='word_1_238' title='bbox 442 3912 614 4001; x_wconf 88' lang='lat' dir='ltr'><strong>principes,</strong></span> <span class='ocrx_word' id='word_1_239' title='bbox 636 3911 781 3976; x_wconf 84' lang='lat' dir='ltr'><strong>maxima</strong></span> <span class='ocrx_word' id='word_1_240' title='bbox 810 3909 916 3976; x_wconf 87' lang='lat' dir='ltr'><strong>fertur</strong></span> <span class='ocrx_word' id='word_1_241' title='bbox 950 3931 1047 3976; x_wconf 89' lang='lat' dir='ltr'><strong>causa</strong></span> <span class='ocrx_word' id='word_1_242' title='bbox 1077 3909 1203 3989; x_wconf 81' lang='lat' dir='ltr'><strong>fuisse3</strong></span> <span class='ocrx_word' id='word_1_243' title='bbox 1236 3909 1321 3994; x_wconf 88' lang='lat' dir='ltr'><strong>quia,</strong></span> <span class='ocrx_word' id='word_1_244' title='bbox 1345 3914 1384 3974; x_wconf 89' lang='lat' dir='ltr'><strong>ut</strong></span> <span class='ocrx_word' id='word_1_245' title='bbox 1417 3909 1486 3995; x_wconf 86' lang='lat' dir='ltr'><strong>ipse</strong></span> 
     </span>
     <span class='ocr_line' id='line_1_45' title="bbox 442 4010 1487 4100; baseline -0.006 -20"><span class='ocrx_word' id='word_1_246' title='bbox 442 4015 588 4093; x_wconf 86' lang='lat' dir='ltr'><strong>asseruit,</strong></span> <span class='ocrx_word' id='word_1_247' title='bbox 616 4019 650 4078; x_wconf 88' lang='lat' dir='ltr'><strong>et</strong></span> <span class='ocrx_word' id='word_1_248' title='bbox 680 4034 739 4100; x_wconf 89' lang='lat' dir='ltr'><strong>pro</strong></span> <span class='ocrx_word' id='word_1_249' title='bbox 770 4033 804 4078; x_wconf 89' lang='lat' dir='ltr'><strong>se</strong></span> <span class='ocrx_word' id='word_1_250' title='bbox 835 4011 992 4099; x_wconf 85' lang='lat' dir='ltr'><strong>allegavit</strong></span> <span class='ocrx_word' id='word_1_251' title='bbox 1022 4017 1187 4080; x_wconf 90' lang='lat' dir='ltr'><strong>auctorem</strong></span> <span class='ocrx_word' id='word_1_252' title='bbox 1218 4010 1362 4076; x_wconf 73' lang='lat' dir='ltr'><strong>historia</strong></span> <span class='ocrx_word' id='word_1_253' title='bbox 1391 4011 1487 4076; x_wconf 86' lang='lat' dir='ltr'><strong>Jeru-</strong></span> 
     </span>
     <span class='ocr_line' id='line_1_46' title="bbox 441 4111 1486 4201; baseline -0.006 -19"><span class='ocrx_word' id='word_1_254' title='bbox 441 4117 655 4194; x_wconf 85' lang='lat' dir='ltr'><strong>solomitanae,</strong></span> <span class='ocrx_word' id='word_1_255' title='bbox 678 4116 706 4180; x_wconf 92' lang='lat' dir='ltr'><strong>si</strong></span> <span class='ocrx_word' id='word_1_256' title='bbox 737 4115 784 4178; x_wconf 91' lang='lat' dir='ltr'><strong>hii</strong></span> <span class='ocrx_word' id='word_1_257' title='bbox 815 4119 882 4180; x_wconf 87' lang='lat' dir='ltr'><strong>tres</strong></span> <span class='ocrx_word' id='word_1_258' title='bbox 916 4113 1084 4201; x_wconf 89' lang='lat' dir='ltr'><strong>principes,</strong></span> <span class='ocrx_word' id='word_1_259' title='bbox 1107 4113 1299 4200; x_wconf 87' lang='lat' dir='ltr'><strong>Imperator,</strong></span> <span class='ocrx_word' id='word_1_260' title='bbox 1322 4111 1486 4196; x_wconf 84' lang='lat' dir='ltr'><strong>videlicet,</strong></span> 
     </span>
     <span class='ocr_line' id='line_1_47' title="bbox 440 4213 1487 4303; baseline -0.004 -19"><span class='ocrx_word' id='word_1_261' title='bbox 440 4217 729 4292; x_wconf 80' lang='lat' dir='ltr'><strong>⁹Teutonicorum,</strong></span> <span class='ocrx_word' id='word_1_262' title='bbox 756 4216 1042 4302; x_wconf 86' lang='lat' dir='ltr'><strong>Romanorumque</strong></span> <span class='ocrx_word' id='word_1_263' title='bbox 1072 4217 1251 4303; x_wconf 81' lang='lat' dir='ltr'><strong>Augustus,</strong></span> <span class='ocrx_word' id='word_1_264' title='bbox 1275 4218 1309 4280; x_wconf 89' lang='lat' dir='ltr'><strong>et</strong></span> <span class='ocrx_word' id='word_1_265' title='bbox 1339 4213 1487 4280; x_wconf 80' lang='lat' dir='ltr'><strong>Franciae</strong></span> 
     </span>
    </p>
   </div>
   <div class='ocr_carea' id='block_1_15' title="bbox 469 4434 1346 4824">
    <p class='ocr_par' dir='ltr' id='par_1_15' title="bbox 471 4434 1285 4507">
     <span class='ocr_line' id='line_1_48' title="bbox 471 4434 1285 4507; baseline -0.001 -17"><span class='ocrx_word' id='word_1_266' title='bbox 471 4441 479 4474; x_wconf 87' lang='lat'>¹</span> <span class='ocrx_word' id='word_1_267' title='bbox 493 4440 568 4507; x_wconf 82' lang='lat' dir='ltr'><strong>opida</strong></span> <span class='ocrx_word' id='word_1_268' title='bbox 579 4439 606 4489; x_wconf 92' lang='lat' dir='ltr'><strong>in</strong></span> <span class='ocrx_word' id='word_1_269' title='bbox 617 4439 674 4490; x_wconf 81' lang='lat' dir='ltr'><strong>MS.</strong></span> <span class='ocrx_word' id='word_1_270' title='bbox 1018 4434 1028 4469; x_wconf 77' lang='lat'><strong><em>⁶</em></strong></span> <span class='ocrx_word' id='word_1_271' title='bbox 1039 4453 1181 4503; x_wconf 79' lang='lat' dir='ltr'><strong>suppremus</strong></span> <span class='ocrx_word' id='word_1_272' title='bbox 1192 4437 1218 4486; x_wconf 93' lang='lat' dir='ltr'><strong>in</strong></span> <span class='ocrx_word' id='word_1_273' title='bbox 1229 4437 1285 4489; x_wconf 79' lang='lat' dir='ltr'><strong>MS.</strong></span> 
     </span>
    </p>

    <p class='ocr_par' dir='ltr' id='par_1_16' title="bbox 469 4514 1346 4824">
     <span class='ocr_line' id='line_1_49' title="bbox 469 4514 1340 4585; baseline -0.003 -17"><span class='ocrx_word' id='word_1_274' title='bbox 469 4520 480 4553; x_wconf 84' lang='lat'>²</span> <span class='ocrx_word' id='word_1_275' title='bbox 487 4519 652 4585; x_wconf 80' lang='lat' dir='ltr'><strong>proiciendum</strong></span> <span class='ocrx_word' id='word_1_276' title='bbox 663 4517 689 4566; x_wconf 91' lang='lat' dir='ltr'><strong>in</strong></span> <span class='ocrx_word' id='word_1_277' title='bbox 700 4516 757 4569; x_wconf 85' lang='lat' dir='ltr'><strong>MS.</strong></span> <span class='ocrx_word' id='word_1_278' title='bbox 1016 4514 1026 4552; x_wconf 89' lang='lat'><strong><em>⁷</em></strong></span> <span class='ocrx_word' id='word_1_279' title='bbox 1037 4517 1109 4580; x_wconf 78' lang='lat' dir='ltr'><strong>cujus</strong></span> <span class='ocrx_word' id='word_1_280' title='bbox 1120 4516 1146 4566; x_wconf 90' lang='lat' dir='ltr'><strong>in</strong></span> <span class='ocrx_word' id='word_1_281' title='bbox 1154 4516 1211 4566; x_wconf 87' lang='lat' dir='ltr'><strong>MS.</strong></span> <span class='ocrx_word' id='word_1_282' title='bbox 1337 4515 1340 4522; x_wconf 64' lang='lat'><strong>⁴</strong></span> 
     </span>
     <span class='ocr_line' id='line_1_50' title="bbox 469 4592 1246 4660; baseline -0.003 -10"><span class='ocrx_word' id='word_1_283' title='bbox 469 4597 700 4650; x_wconf 66' lang='lat' dir='ltr'><strong>&#39;Psclmmuz</strong></span> <span class='ocrx_word' id='word_1_284' title='bbox 1015 4592 1246 4660; x_wconf 52' lang='lat' dir='ltr'><strong>&#39;ymanus</strong></span> 
     </span>
     <span class='ocr_line' id='line_1_51' title="bbox 470 4671 1346 4742; baseline -0.007 -12"><span class='ocrx_word' id='word_1_285' title='bbox 470 4675 694 4730; x_wconf 52' lang='lat' dir='ltr'><strong>armans.</strong></span> <span class='ocrx_word' id='word_1_286' title='bbox 1014 4671 1346 4742; x_wconf 68' lang='lat' dir='ltr'><strong>&#39;thutoaicoruminMS.</strong></span> 
     </span>
     <span class='ocr_line' id='line_1_52' title="bbox 469 4755 648 4824; baseline 0 -14"><span class='ocrx_word' id='word_1_287' title='bbox 469 4759 480 4791; x_wconf 81' lang='lat'>⁵</span> <span class='ocrx_word' id='word_1_288' title='bbox 489 4774 543 4824; x_wconf 76' lang='lat' dir='ltr'><strong>paro</strong></span> <span class='ocrx_word' id='word_1_289' title='bbox 553 4757 581 4809; x_wconf 80' lang='lat' dir='ltr'><strong>in</strong></span> <span class='ocrx_word' id='word_1_290' title='bbox 591 4755 648 4810; x_wconf 75' lang='lat' dir='ltr'><strong>MS·</strong></span> 
     </span>
    </p>
   </div>
   <div class='ocr_carea' id='block_1_16' title="bbox 0 0 1824 5842">
    <p class='ocr_par' dir='ltr' id='par_1_17' title="bbox 0 0 1824 5842">
     <span class='ocr_line' id='line_1_53' title="bbox 0 0 1824 5842; baseline 0 3"><span class='ocrx_word' id='word_1_291' title='bbox 0 0 1824 5842; x_wconf 95' lang='lat' dir='ltr'><strong> </strong></span> 
     </span>
    </p>
   </div>
   <div class='ocr_carea' id='block_1_17' title="bbox 1815 4315 1823 5813">
    <p class='ocr_par' dir='ltr' id='par_1_18' title="bbox 1815 4315 1823 5813">
     <span class='ocr_line' id='line_1_54' title="bbox 1815 4315 1823 5813; baseline 0 0"><span class='ocrx_word' id='word_1_292' title='bbox 1815 4315 1823 5813; x_wconf 95' lang='lat' dir='ltr'><strong> </strong></span> 
     </span>
    </p>
   </div>
  </div>
 </body>
</html>
