3668 5842
448 875 513 938 318
782 887 980 938 recursum
1001 887 1160 938 merrus

277 1089 431 1141 A.1).1css.
447 1074 629 1141 dicendum.
676 1073 767 1140 Tunc
788 1095 902 1140 eorum
924 1073 1028 1140 frater
1050 1076 1165 1156 senior,
1182 1075 1237 1140 vir
1259 1075 1296 1140 in
1319 1097 1353 1141 sc
1375 1077 1495 1162 grand-

445 1199 543 1255 aevus,
583 1181 618 1242 et
655 1177 692 1241 in
730 1177 887 1243 facultate
922 1178 1031 1244 Sacra
1068 1177 1255 1264 Theologiae
1286 1178 1495 1257 Doctoratus,
1558 1173 1562 1182 '

448 1279 578 1366 aperuit
601 1300 637 1344 os
660 1301 765 1356 suum,
787 1283 822 1345 et
843 1279 1049 1365 loquebatur,
1073 1279 1183 1345 dicens
1199 1305 1251 1345 :-

276 1395 348 1458 They
494 1383 608 1446 “Eure
633 1381 656 1444 ii
682 1383 796 1447 Patres
818 1385 853 1447 et
875 1381 1159 1447 Domini-Missi
1204 1403 1239 1446 er
1288 1387 1392 1448 utrem
1419 1403 1496 1448 nos·

352 1461 357 1471 .
551 1435 571 1468 e
609 1404 631 1468 g
1181 1404 1202 1468 P
1264 1404 1286 1468 P

276 1462 468 1576 &2¹31th
490 1488 587 1562 trum,
620 1483 787 1549 Abbatem
819 1483 1076 1561 cluniacensem,
1111 1489 1245 1570 propter
1277 1496 1344 1549 tres
1382 1505 1495 1548 causas

277 1594 409 1670 natureof
449 1593 467 1620 “
489 1585 681 1650 accessimus
703 1587 747 1652 ad
766 1585 856 1650 istud
880 1607 1026 1673 regnum.
1072 1585 1193 1662 Primo,
1217 1585 1260 1650 ad
1281 1585 1491 1671 aperiendum

276 1661 394 1786 ffiom
448 1693 465 1722 “
489 1687 703 1754 Excellentiae
724 1687 846 1773 Regiae,
870 1688 1033 1773 quomodo
1053 1709 1151 1774 super
1173 1707 1285 1753 omnes
1308 1709 1400 1774 reges
1421 1687 1495 1752 uni-

278 1793 325 1842 and
337 1793 383 1841 ask
394 1792 434 1842 for
447 1795 464 1824 “
486 1811 590 1856 versae
613 1795 711 1856 terrae
735 1788 860 1855 nobiles
882 1789 986 1876 ipsius
1008 1791 1232 1876 progenitores
1258 1789 1396 1854 maximi
1426 1811 1493 1854 am-

277 1865 399 1988 fflyffi
447 1891 689 1977 “piissimique
726 1891 860 1957 fuerunt
897 1891 1121 1958 benefactores
1166 1891 1308 1957 ecclesiae
1349 1895 1493 1968 nostrae3

276 2007 400 2054 presence.
447 1992 693 2078 “qualiterque
717 1993 803 2059 inter
835 2015 889 2059 eos
921 1993 994 2058 Rex
1026 1993 1191 2059 Henricus
1223 1992 1393 2060 Secundus
1423 1997 1493 2058 tam

446 2101 464 2130 ‘¹
487 2095 597 2182 largus
623 2103 658 2160 et
684 2095 855 2182 largifluus
885 2095 1019 2173 ditator,
1043 2117 1081 2160 ac
1111 2096 1212 2161 etiam
1237 2095 1379 2176 dotator,
1402 2095 1491 2160 illius

446 2204 463 2232 “
486 2197 592 2263 fertur
614 2197 778 2278 fuissent
802 2199 933 2264 dicatur
954 2220 1014 2284 pro
1037 2219 1126 2264 nunc
1148 2221 1169 2263 a
1190 2199 1286 2264 nobis
1308 2198 1493 2285 praecipuus

445 2307 463 2334 “
485 2305 596 2366 noster
611 2299 775 2380 fundator,
793 2300 1028 2387 praecipueque,
1044 2322 1081 2365 ac
1105 2300 1205 2366 etiam
1228 2301 1493 2388 singularissime,

444 2402 648 2468 “habeatur
676 2404 960 2469 recommendatus
990 2403 1025 2466 in
1049 2401 1202 2468 omnibus
1223 2402 1492 2488 ¹omnifariisque

443 2511 460 2540 “
483 2505 648 2592 suffragiis
663 2505 790 2570 nostris.
829 2505 989 2584 Secundo,
1002 2505 1046 2570 ad
1061 2506 1240 2592 petendum
1257 2505 1492 2592 possessionem

444 2613 520 2674 “et
558 2608 839 2674 confirmationem
873 2608 1033 2673 bonorum
1068 2607 1200 2673 illorum
1237 2609 1393 2686 omnium,
1418 2629 1493 2693 quae

443 2719 460 2746 “
484 2711 565 2776 dicti
599 2711 822 2798 progenitores
860 2709 930 2775 loeo
967 2715 1080 2775 nostro
1114 2710 1329 2788 contulerant,
1365 2718 1399 2776 et
1433 2731 1493 2796 per

445 2818 616 2899 “tempus
647 2835 716 2878 non
746 2833 887 2900 paucum
914 2810 1156 2898 jamduduma
1187 2811 1341 2877 manibus
1369 2811 1492 2877 nostris

444 2923 462 2950 “
484 2914 619 2982 detenta
651 2915 874 2999 distractoque
907 2919 1011 2979 erant.
1064 2913 1175 2979 Tertio
1207 2935 1293 2992 vero,
1317 2915 1360 2979 ad
1390 2915 1495 3000 impe-

443 3017 640 3084 “trandum
664 3017 795 3104 plenam
819 3017 995 3096 licentiam,
1013 3021 1047 3082 et
1069 3015 1215 3093 liberam,
1239 3017 1281 3081 ad
1307 3017 1494 3103 ingredien-

444 3125 464 3156 “
488 3121 567 3184 dum
590 3119 721 3207 singula
743 3120 815 3184 loca
837 3119 988 3205 religiosa
1011 3139 1032 3182 a
1053 3124 1166 3184 nostro
1190 3118 1349 3184 Coenobio
1375 3119 1495 3205 depen-

444 3229 463 3258 “
486 3223 609 3304 dentia,
625 3221 680 3288 lct
703 3243 762 3308 per
778 3220 907 3286 nobiles
928 3220 1154 3307 progenitores
1171 3243 1259 3286 nunc
1274 3221 1374 3308 Regis
1388 3222 1494 3306 posita

446 3334 463 3360 “
485 3325 620 3389 fuerunt
642 3323 703 3388 sub
718 3323 879 3409 regimine
895 3329 929 3388 et
943 3323 1183 3409 gubernatione
1198 3329 1318 3388 nostra
1357 3323 1496 3408 Propter

446 3437 463 3462 “
485 3426 544 3490 bas
567 3431 635 3492 tres
657 3446 772 3490 causas
788 3427 831 3492 ad
854 3446 992 3511 regnum
1015 3426 1106 3490 istud
1125 3424 1327 3500 accessimus,
1343 3431 1494 3512 peropta-

446 3536 462 3562 “
485 3549 633 3612 musque,
665 3528 693 3591 si
727 3528 826 3614 regim
864 3526 995 3613 placeat
1033 3526 1230 3613 dignationi,
1269 3531 1403 3614 propter
1440 3547 1496 3592 ees

446 3638 463 3664 “
485 3629 678 3716 aperiendas
701 3628 852 3695 accedere
874 3629 916 3694 ad
939 3629 1147 3716 praesentiam
1171 3629 1302 3716 ipsius.'’

275 3747 411 3812 mering
492 3733 574 3812 Res,
598 3731 713 3796 audita
736 3753 833 3797 causa
855 3731 907 3798 sui
937 3732 1108 3809 adventus,
1128 3731 1230 3818 jussit
1262 3753 1315 3798 eos
1346 3731 1494 3798 recedere

274 3816 433 3946 ffiffio
447 3855 548 3922 usque
571 3834 613 3898 ad
637 3833 817 3900 Civitatem
840 3834 1094 3912 londoniarum,
1117 3837 1347 3920 expectaturos
1370 3833 1493 3898 ibidem

271 3954 396 3998 mmmm
446 3943 516 4003 tam
549 3959 645 4002 suum
677 3937 868 4013 adventum,
897 3945 997 4022 qua'm
1027 3937 1136 4014 etiam,
1160 3958 1218 4022 per
1247 3936 1494 4000 avizamentum

274 4013 426 4131 fflffiw
447 4041 498 4105 sui
514 4039 660 4118 Ooncilii,
676 4061 866 4126 responsum
886 4038 933 4103 eis
949 4039 1104 4104 dandum.
1150 4039 1369 4124 Disponcntes
1390 4038 1495 4125 igitur

274 4159 380 4209 answer,
447 4163 480 4208 se
496 4144 539 4209 ad
553 4164 723 4218 recessum,
737 4145 952 4227 perrexerunt
968 4141 1058 4226 prius
1069 4141 1113 4204 ad
1126 4141 1338 4227 praesentiam
1348 4139 1492 4231 Reginae,

273 4214 416 4344 iffiffiy
446 4267 520 4330 quae
543 4245 608 4310 fuit
631 4243 731 4330 Regis
753 4242 898 4308 ³Siciliae
920 4241 998 4321 filia,
1022 4247 1055 4307 et
1086 4241 1125 4308 de
1149 4242 1317 4308 Gallicana
1338 4241 1490 4307 natione:

273 4345 425 4475 {mind
446 4346 573 4423 deinde,
596 4367 654 4433 per
676 4345 813 4432 Reginus
836 4343 1057 4424 directionem,
1074 4342 1116 4408 ad
1139 4343 1281 4409 Abbatis
1302 4343 1494 4430 hospitium,

272 4479 366 4529 Abbot.
619 4520 927 4530 ffl—

479 4603 487 4636 ¹
497 4601 703 4668 omniptoriirque
714 4600 741 4650 in
752 4601 809 4652 MS.
990 4599 1056 4650 cited
1068 4600 1102 4664 by
1114 4600 1221 4651 Hearne.

480 4682 525 4732 θεέ
549 4697 603 4746 qeoe
626 4681 817 4746 per501ement
839 4679 948 4744 Reyner,
1022 4677 1187 4728 3δσίσίὶἰιεὶῑι
1199 4677 1255 4729 MS.

443 4759 583 4828 Apostolut.
600 4759 789 4822 Reuertemur,
802 4773 826 4824 p.
847 4763 903 4822 192,
920 4771 948 4808 se
