3640 5842
455 925 520 990 354
707 921 709 929 ’
786 935 983 987 anorsrnun
1005 935 1161 986 inmun

286 1143 356 1196 ω),
370 1151 441 1197 1459,
500 1123 564 1188 “A
585 1121 845 1210 precipitatione
867 1122 1009 1210 insuper,
1040 1128 1076 1188 et
1104 1119 1352 1208 impetuositate
1369 1119 1497 1205 judicii,
1552 1149 1555 1154 ·

453 1233 472 1264 “
494 1228 565 1294 sive
601 1229 785 1311 sententiae,
826 1235 941 1294 contra
963 1229 1037 1294 .hos
1073 1227 1232 1293 Dominus
1263 1227 1430 1293 abstineat
1465 1248 1499 1290 se

453 1332 710 1396 “mansuetudo
734 1330 907 1418 Principis,
938 1334 973 1396 et
1001 1330 1135 1396 studeat
1163 1329 1413 1418 respirationem
1447 1349 1497 1393 ca-

454 1439 472 1468 “
493 1455 589 1520 pere;
622 1435 699 1519 quia
720 1432 899 1514 festinatio,
922 1433 993 1499 sive
1022 1433 1241 1520 precipitatio,
1263 1432 1348 1498 solet
1377 1431 1496 1518 saepius

452 1541 470 1571 “
492 1541 567 1622 post
588 1535 713 1601 factum
735 1535 968 1623 poenitentium
989 1535 1160 1622 parturire.

497 1645 513 1670 “
529 1637 665 1716 Octavo,
689 1637 1081 1720 sic—Quemadmodum,
1094 1636 1196 1723 juxta
1220 1637 1407 1718 Naturales,
1423 1635 1498 1702 vult

452 1747 470 1774 “
492 1740 623 1805 nobilis·
643 1741 694 1806 ira
715 1741 830 1823 leonis,
852 1739 1005 1806 animalis
1027 1739 1105 1808 licet
1126 1740 1301 1822 ferocioris,
1325 1740 1497 1827 prostratis

451 1846 471 1875 “
492 1865 630 1929 parcere,
652 1865 713 1912 nec
734 1845 804 1910 vim
825 1843 980 1932 aliquam,
1003 1848 1063 1909 aut
1083 1842 1285 1920 violentiam,
1300 1842 1348 1908 eis
1369 1843 1496 1918 inferre,

452 1949 469 1978 “
492 1945 538 2010 sic
560 1946 670 2028 etiam,
693 1946 871 2012 secundum
896 1945 1044 2028 Morales,
1066 1945 1141 2011 vult
1163 1944 1285 2011 nobilis
1307 1965 1496 2032 generosus-

452 2053 470 2083 “
492 2070 556 2135 que
577 2049 707 2115 animus
722 2071 852 2136 parcere
874 2049 940 2114 illis
963 2048 1115 2115 omnibus
1138 2070 1219 2135 quos
1233 2049 1341 2115 cernit
1362 2053 1439 2113 ante
1462 2067 1496 2112 so

450 2155 468 2184 “
490 2150 691 2232 humiliatos,
713 2175 775 2219 neo
797 2152 923 2238 aliquid
945 2151 1085 2217 ulterius
1114 2172 1174 2237 pro
1198 2149 1347 2216 vindicta
1375 2153 1494 2237 petere,

448 2260 466 2288 “
489 2275 588 2340 quam
618 2255 706 2342 quod
735 2255 867 2342 poterit,
898 2255 927 2320 si
956 2254 1109 2336 voluerit,
1140 2255 1182 2319 de
1211 2253 1292 2340 ipsis
1320 2252 1496 2319 vindicare.

450 2362 468 2391 “
490 2357 581 2423 Velit
602 2358 706 2445 igitur
735 2358 864 2424 animus
888 2358 1058 2446 Principis,
1082 2379 1156 2423 cum
1186 2357 1231 2424 sit
1257 2356 1495 2444 incomparabi-

449 2463 467 2493 “
489 2458 565 2524 liter
587 2459 623 2525 in
645 2459 703 2527 illo
724 2459 867 2527 nobilior
887 2462 1138 2548 generosiorque
1164 2481 1264 2548 quam
1286 2459 1402 2526 autin
1425 2459 1496 2524 ani·

448 2570 466 2596 “
487 2561 567 2628 mali
605 2562 676 2644 tali,
706 2569 766 2630 aut
804 2563 842 2629 in
879 2565 1006 2631 coeteris
1045 2561 1324 2651 sub-principibus
1353 2563 1430 2641 suis,
1458 2563 1495 2626 in

448 2672 562 2730 “casu
584 2688 650 2751 quo
665 2665 787 2733 viderit
807 2665 965 2733 Dominos
988 2667 1093 2732 dictos
1115 2687 1190 2731 eum
1213 2665 1334 2734 debitis
1360 2665 1494 2732 circum-

448 2773 466 2801 “
487 2768 623 2834 stantiis
648 2773 726 2835 anto
749 2790 783 2835 se
805 2769 1005 2848 humiliatos,
1027 2769 1094 2833 illis
1116 2789 1256 2856 parcere,
1279 2789 1340 2834 nec
1369 2766 1494 2853 aliquid

448 2874 466 2903 “
488 2869 580 2936 aliud
601 2870 741 2937 ulterius
763 2877 873 2959 petere
895 2893 953 2958 pro
983 2869 1139 2948 vindicta,
1163 2871 1228 2936 nisi
1251 2871 1337 2958 quod
1365 2870 1495 2958 poterit,

447 2973 515 3037 “si
553 2973 704 3052 voluerit,
733 2975 770 3039 in
809 2995 863 3040 eos
901 2975 1008 3060 poenis
1043 2973 1125 3062 legis
1156 2971 1348 3039 ¹acerrimis
1386 2971 1494 3038 vindi·

447 3078 466 3110 “
488 3097 569 3144 care.

490 3178 621 3244 “Nono
643 3200 730 3259 vero,
753 3179 961 3246 ic—Juxta
990 3179 1158 3248 moraliter
1187 3179 1369 3266 loquentes,
1391 3176 1493 3242 bellu·

446 3286 464 3316 “
485 3279 547 3345 alis
580 3282 689 3368 potius
723 3303 823 3367 quam
855 3281 1001 3348 bestialis
1031 3281 1090 3347 illa
1111 3281 1242 3349 saevitia
1264 3302 1332 3346 esse
1364 3279 1493 3356 dicitur,

444 3388 463 3416 “
485 3382 545 3448 ubi
566 3383 660 3448 nulla
682 3383 894 3471 subsequitur
923 3385 1154 3468 misericordia,
1177 3407 1238 3451 nec
1268 3383 1413 3449 remissio
1436 3382 1494 3447 ali-

446 3491 463 3519 “
486 3505 551 3568 qua
580 3485 780 3573 indulgetur.
826 3487 935 3574 Impia
965 3489 1063 3570 enim,
1094 3488 1273 3554 secundum
1296 3485 1493 3564 'Isidorum

445 3591 462 3620 “
486 3591 536 3650 est
558 3586 616 3653 illa
634 3589 777 3674 justitia,
801 3612 875 3676 quae
905 3591 1011 3656 nescit
1040 3591 1216 3678 ignoscere,
1240 3609 1493 3676 perversumque

444 3694 462 3724 “
480 3689 654 3775 judicium,
678 3692 766 3778 quod
789 3714 856 3759 non
879 3694 962 3760 solet
984 3693 1190 3780 indulgentia
1212 3697 1402 3779 temperare.
1447 3689 1493 3753 Et

443 3799 462 3826 “
483 3791 659 3871 subdit,-—‘
671 3794 762 3860 Licet
801 3797 890 3882 rigor
929 3796 1093 3862 tenendus
1131 3797 1177 3860 sit
1217 3795 1254 3860 in
1295 3793 1493 3862 discussione

443 3901 461 3928 “
483 3901 492 3928 ‘
502 3894 654 3981 justitiae,
677 3917 804 3984 semper
825 3903 938 3964 tamen
960 3899 1128 3966 miscenda
1150 3902 1200 3964 est
1221 3895 1494 3964 misericordiam

443 4004 461 4031 “
483 3999 680 4082 ‘sententia
720 3999 936 4066 diffinitione?
991 4002 1085 4068 Licet
1125 4000 1229 4088 igitur
1259 3999 1415 4087 Princeps
1456 3999 1493 4062 in

443 4101 684 4168 “discussione
708 4101 860 4188 justitiae,
883 4103 927 4170 ad
956 4103 1151 4170 instantiam
1181 4109 1215 4169 et
1244 4103 1492 4188 requisitionem

445 4209 462 4238 “
484 4203 702 4270 Dominorum
725 4227 868 4286 suorum,
883 4211 918 4272 et
934 4206 1177 4286 Communium,
1193 4205 1360 4294 paulisper
1374 4204 1492 4270 hucus-

443 4311 461 4340 “
482 4326 546 4391 que
568 4307 605 4371 in
627 4327 687 4373 suo
710 4306 935 4375 Parliamento
964 4311 1148 4396 impetuose
1181 4309 1389 4396 rigoroseque
1417 4328 1492 4372 con-

443 4411 461 4441 “
484 4414 537 4473 tre
560 4409 663 4476 dictos
686 4432 834 4496 proceres
864 4401 1064 4500 processerit,
1087 4413 1124 4476 in
1154 4409 1353 4476 diffinitione
1382 4415 1494 4475 tamen

443 4515 461 4544 “
483 4513 657 4580 sententiae
679 4513 862 4581 immisceat
884 4515 1152 4594 misericordiam,
1167 4535 1358 4601 morosoque
1380 4513 1492 4600 magis,

473 4845 703 4903 1αοοηιιιέεἱιιῙὶίὸ.
959 4851 966 4920 Ι
1013 4851 1268 4904 erasmiana.
