3640 5842
469 887 535 949 368
807 897 1004 948 nucisrauu
1027 895 1183 946 auarum

299 1098 366 1150 Ab.
382 1101 452 1146 14⁶0.
470 1090 664 1173 paratosque
694 1107 801 1152 seeum
833 1065 932 1151 sture
947 1108 1021 1152 cum
1044 1089 1116 1152 toto
1139 1107 1198 1151 suo
1228 1105 1322 1172 posse
1349 1105 1450 1170 usque
1473 1082 1515 1148 ad

469 1195 614 1254 mortem.

301 1307 433 1358 flethere-
514 1291 603 1370 Dux,
634 1291 703 1356 lraee
733 1312 845 1356 eorum
876 1291 977 1356 verba
1010 1290 1155 1372 audiens,
1186 1295 1221 1355 et
1252 1290 1384 1355 vultum
1408 1287 1517 1354 verbis

300 1389 419 1490 32:5⁰„
469 1393 757 1479 corespoudeutem
788 1391 856 1457 lore
886 1391 1094 1478 conspiciens,
1126 1393 1260 1479 putavit
1286 1391 1410 1456 bonum
1448 1410 1516 1454 esse

302 1506 412 1584 Itoana,
471 1516 505 1560 se
521 1517 595 1560 cum
612 1495 677 1560 illis
692 1517 822 1559 manere
837 1518 844 1574 ;
872 1495 1064 1580 erigensque
1079 1494 1168 1580 apud
1183 1493 1271 1580 ipsos
1286 1491 1517 1579 hospitatiouis

300 1573 413 1690 fflfllffi
470 1597 727 1675 tabernaculum,
750 1597 811 1661 sub
845 1597 990 1661 maximo
1024 1597 1145 1674 lavore,
1178 1618 1215 1660 ac
1249 1596 1350 1660 etiam
1386 1594 1517 1674 honore,

470 1721 543 1765 cum
566 1699 632 1764 illis
654 1699 785 1780 mansit,
803 1720 977 1784 quousque,
1002 1703 1131 1763 mutata
1153 1702 1249 1777 sorte,
1264 1719 1322 1784 per
1343 1695 1517 1783 placabiles

470 1801 720 1887 amicabilesque
743 1801 878 1866 Domini
901 1801 1000 1888 Regis
1022 1800 1151 1866 litteras
1173 1820 1286 1864 rursus
1310 1799 1351 1864 ad
1379 1819 1515 1886 reguum

470 1908 641 1968 revocatus
664 1910 758 1969 esset.

303 2020 444 2072 Thanarls
516 2005 727 2072 Declinautes
750 2005 865 2090 utiquc
886 2005 1005 2090 reliqui
1029 2004 1163 2070 Domini
1187 2025 1300 2069 versus
1323 2008 1432 2090 partes
1450 2003 1517 2067 De·

301 2087 428 2218 gflfffid
471 2107 587 2187 voniae,
619 2107 730 2193 ibique
764 2129 854 2172 mare
887 2107 1117 2194 ingredientes,
1147 2108 1398 2192 navigaverunt,
1424 2105 1517 2170 velut

302 2221 429 2272 warwici
471 2209 531 2274 sub
553 2209 708 2275 brevibus
740 2209 894 2274 scribitur
915 2209 950 2272 in
974 2208 1180 2295 ¹preemissis,
1204 2229 1317 2273 versus
1339 2208 1454 2274 villam
1478 2207 1518 2272 de

301 2289 599 2404 ¹,¹¹{'”'„,}',²{{1¹¹¹¹7Oaleys,
614 2311 756 2396 illucque
778 2311 957 2389 venientes,
973 2333 1047 2378 curn
1070 2333 1137 2378 non
1159 2333 1261 2397 parvo
1275 2311 1376 2376 etiam
1398 2309 1517 2386 favore,

303 2420 392 2484 hythe
471 2414 641 2499 coituque
666 2414 794 2492 honore,
818 2435 839 2478 a
862 2414 1004 2479 Domino
1024 2412 1190 2479 Willelmo
1212 2413 1352 2498 Nevyle‚
1376 2413 1517 2478 Domino

302 2487 434 2604 fffffiff
471 2516 512 2581 de
540 2515 775 2602 Facunbrigge,
800 2515 941 2581 Comitis
964 2515 1128 2602 Warwyci
1156 2522 1283 2602 patruo,
1314 2515 1518 2580 Salisburiae·
1583 2563 1588 2572 .

471 2641 535 2706 que
557 2639 720 2705 germano,
743 2641 802 2706 pro
825 2624 906 2684 tunc
936 2625 1004 2684 tam
1031 2618 1129 2698 villas,
1153 2641 1252 2705 quam
1279 2619 1380 2684 etiam
1412 2619 1517 2696 castri,

472 2721 651 2787 custodiam
689 2721 835 2796 habenti,
870 2721 993 2808 recepti
1031 2721 1171 2798 fuerant,
1202 2721 1448 2806 introductique
1481 2721 1518 2784 in

471 2831 633 2904 eastrnm;
663 2825 787 2910 inquo
813 2825 984 2911 posterius.
1002 2845 1061 2910 per
1090 2823 1160 2888 dies
1191 2845 1258 2888 non
1288 2845 1407 2910 paucos
1438 2824 1518 2888 satis

470 2948 580 2992 secure
602 2927 644 2992 ab
659 2925 907 2992 aemulatoribus
930 2931 1189 3012 permanserunt.
1235 2925 1372 3014 Recepti
1394 2925 1518 3012 ntique,

471 3036 514 3113 et,
545 3033 621 3117 post
650 3028 897 3094 tribulationem
932 3027 1093 3094 melorum
1125 3049 1200 3114 quae
1233 3028 1434 3095 invenerunt
1464 3051 1518 3094 eos

470 3133 578 3212 nimis,
602 3154 669 3197 non
699 3130 809 3196 minus
831 3137 1004 3216 gratanter
1026 3153 1123 3217 quam
1153 3129 1315 3197 ²ovanter
1338 3133 1518 3211 refocillati,

470 3239 691 3321 proruperunt
713 3234 865 3320 protinus
887 3233 924 3298 in
945 3254 1066 3314 vocem,
1090 3239 1125 3299 et
1147 3233 1307 3300 dixerunt
1317 3260 1371 3301 :—

303 3358 360 3410 The
371 3366 448 3410 terma
516 3343 534 3373 “
557 3337 783 3402 Trensivimus
827 3357 887 3423 per
923 3335 1033 3423 ignem
1072 3341 1106 3401 et
1143 3357 1272 3422 aquam,
1310 3334 1398 3415 ³sed,
1428 3337 1519 3402 Petri

303 3426 333 3476 of
342 3425 459 3542 ’ἓξὲξ
470 3444 488 3471 “
512 3437 815 3518 misericordiarum,
839 3445 873 3502 et
895 3438 965 3503 Deo
991 3437 1094 3503 totius
1125 3438 1363 3517 consolationis,
1387 3441 1520 3528 gratias,

302 3506 351 3607 ppo
341 3558 425 3607 which
472 3539 621 3604 “educti
654 3559 767 3605 sumus
792 3539 890 3605 modo
913 3541 948 3603 in
979 3539 1205 3627 refrigerium:
1238 3540 1274 3606 in
1307 3541 1520 3628 refrigerium,

302 3624 458 3756 {hgsffim-
471 3645 489 3675 “
512 3646 611 3728 prout
640 3661 815 3726 speramus,
846 3641 922 3722 tale,
945 3641 981 3704 in
1013 3663 1078 3727 quo
1110 3642 1315 3708 manebimus
1347 3644 1408 3709 sub
1439 3645 1520 3708 satis

302 3757 391 3808 adra.
472 3743 711 3829 “competenti
741 3744 927 3823 securitate,
952 3765 1120 3829 quousque
1151 3742 1287 3810 habebit
1318 3745 1405 3810 idem
1429 3746 1520 3811 Deus

472 3851 490 3879 ‘¹
513 3865 671 3932 exurgere
694 3851 729 3911 et
750 3845 908 3933 dissipare
929 3845 1080 3911 inimicos
1102 3851 1240 3927 nostros,
1263 3869 1439 3934 eogereque
1465 3869 1520 3913 eos

472 3955 490 3983 “
512 3947 635 4034 fugere,
664 3947 864 4033 deficereque
895 3953 974 4012 aute
1005 3969 1075 4028 nos,
1107 3949 1193 4014 sicut
1225 3949 1335 4015 delicit
1357 3949 1466 4015 furnus
1499 3971 1520 4014 a

470 4057 488 4085 “
510 4050 594 4116 fletu
625 4049 728 4130 venti,
762 4048 881 4114 fluitve
914 4071 987 4114 cera
1018 4071 1038 4114 a
1069 4048 1151 4116 facie
1185 4050 1279 4138 ignis.
1325 4050 1431 4118 Novit
1464 4051 1519 4117 ille

470 4158 487 4188 “
512 4151 684 4234 Dominus,
696 4151 754 4238 qui
769 4155 838 4216 tam
853 4149 975 4218 ⁴corda
990 4156 1168 4232 scrutatur,
1182 4173 1282 4239 quam
1298 4152 1399 4219 etiam
1416 4175 1518 4231 renes,

470 4259 488 4290 “
510 4276 569 4320 nos
591 4255 628 4319 in
649 4259 763 4320 nostra
786 4253 941 4341 opinione
963 4253 1010 4319 nil
1034 4254 1125 4320 aliud
1147 4254 1328 4333 intendere,
1351 4255 1415 4320 nisi
1437 4255 1519 4322 obli-

469 4363 487 4392 “
510 4378 613 4443 quum
635 4355 672 4420 in
693 4355 815 4422 rectius
837 4354 1012 4421 reformare
1038 4356 1185 4444 regimen
1206 4358 1310 4444 regni,
1325 4356 1520 4424 ⁵declarari-

468 4465 487 4496 “
510 4480 575 4546 quo
589 4459 626 4524 in
641 4457 793 4526 omnibus
813 4457 878 4523 hiis
900 4457 1094 4538 excessibus,
1117 4458 1290 4546 inquibus
1312 4481 1369 4546 per
1390 4464 1519 4526 nostros

499 4663 601 4728 ¹seep.
614 4669 662 4716 343
675 4670 738 4716 ante.
1049 4662 1155 4714 ⁴Pealra
1165 4665 1236 4715 xxvi.
1249 4671 1271 4716 2.

496 4743 872 4874 :gpqqoqirseadwmaterst’
1051 4741 1387 4808 ‘declaclaran‘queinbffi
