3560 5838
487 884 552 955 476
881 901 1062 954 srrnuurx
1086 889 1100 975 (
1124 890 1147 976 ).

530 1087 725 1153 Construxit
762 1087 862 1152 etiarn
899 1088 935 1152 in
973 1088 1102 1156 Palatio
1131 1089 1324 1155 Monasterii
1354 1087 1416 1168 sui,
1445 1087 1532 1174 apud

484 1189 584 1254 finem
599 1187 696 1254 Aulae
710 1189 823 1276 Regiae
838 1188 969 1268 ibidem,
985 1189 1051 1256 dno
1072 1190 1207 1276 pulchra
1229 1190 1358 1276 lapidea
1372 1188 1511 1255 aedifioia
1523 1212 1532 1270 3

483 1311 595 1367 unum,
610 1290 772 1370 videlieet,
795 1311 855 1377 pro
876 1289 1060 1371 cellerario,
1083 1297 1118 1357 et
1139 1291 1280 1358 alterum
1296 1313 1352 1378 pro
1368 1289 1531 1368 Bursario,

484 1391 722 1458 oommorando.

527 1496 752 1583 1Venerabilis
774 1519 939 1604 quondam
962 1518 1073 1584 Petris
1098 1521 1212 1598 nostri,
1227 1519 1379 1597 Abbatis,
1395 1518 1532 1584 Domini

483 1615 697 1684 ²wfflelmmi
721 1619 963 1706 Walyngforde,
987 1625 1138 1687 nostram
1164 1643 1253 1686 nuno
1275 1621 1318 1686 ad
1340 1620 1531 1686 memoriam

482 1720 628 1807 piissima
649 1722 830 1808 prasertim
860 1721 955 1802 facta,
985 1745 1023 1789 ao
1056 1723 1186 1810 egregia
1218 1744 1325 1810 opera,
1357 1728 1393 1790 et
1423 1743 1532 1808 sump-

483 1823 675 1903 tuosissima,
706 1824 905 1904 reducamus,
931 1845 1005 1911 quae
1035 1829 1069 1891 et
1100 1830 1226 1911 quanta
1254 1825 1333 1911 ipse,
1364 1822 1530 1910 piissimus

482 1928 517 1988 et
538 1924 683 2011 optimus
705 1923 812 2005 Pater,
829 1925 1038 1992 devotissime
1061 1926 1194 2013 incepit,
1209 1931 1244 1991 et
1266 1925 1458 2013 ingentibus
1479 1924 1533 1990 bio

483 2026 668 2112 sumptibus
684 2026 751 2092 suis
766 2027 970 2115 perfiniverit
985 2053 993 2110 ;
1017 2050 1091 2115 quae
1113 2027 1243 2114 quidem
1265 2028 1376 2092 omnia
1389 2025 1532 2092 inomni

482 2121 580 2214 hujus
602 2129 814 2196 sanctissimae
843 2130 960 2195 domus
992 2136 1084 2216 parte
1105 2137 1142 2196 et
1164 2130 1284 2217 angulo
1314 2135 1476 2217 appetent
1497 2133 1532 2194 et

482 2230 653 2296 nitescunt
701 2229 765 2296 Sed
788 2230 930 2317 profecto
954 2232 1052 2296 nimis
1079 2231 1257 2297 admodum
1280 2231 1416 2318 longum
1438 2229 1531 2306 foret,

483 2337 517 2396 et
550 2353 589 2397 ea
625 2331 813 2410 describere,
836 2338 870 2398 ot
904 2355 1036 2398 narrare
1071 2333 1199 2414 omuia;
1230 2337 1350 2412 tamen,
1385 2329 1428 2395 ad
1460 2331 1530 2416 ejus

373 2491 375 2497 ,
481 2433 620 2511 laudem,
644 2438 679 2499 et
700 2435 838 2499 aliorum
861 2434 1057 2522 exemplum,
1082 2433 1192 2521 aliqua
1214 2433 1361 2499 breviter
1390 2431 1532 2519 expliea-

481 2535 643 2602 bimus.-

526 2636 673 2702 Primnm
703 2639 844 2725 quidem,
867 2661 941 2704 oum
972 2638 1072 2725 hujus
1101 2637 1298 2706 venerabilis
1328 2633 1530 2701 Monasterii
1635 2671 1636 2674 =

482 2739 737 2806 Arobidiaoonus
759 2741 919 2820 exstabat,
943 2742 985 2806 ad
1012 2741 1076 2805 Dei
1090 2741 1226 2820 cultum,
1249 2745 1284 2805 et
1305 2743 1427 2804 sanotae
1454 2735 1530 2802 reli·

482 2841 588 2929 gionis
609 2843 835 2920 reverentiam,
854 2844 994 2929 juvenes
1018 2841 1193 2929 religiosos,
1216 2841 1379 2919 videlieet,
1401 2839 1439 2903 in
1468 2857 1531 2901 nn-

483 2965 572 3009 mero
595 2944 714 3024 decem,
736 2945 803 3010 suis
825 2945 965 3033 propriis
987 2945 1183 3032 sumptibus,
1198 2950 1232 3010 et
1250 2942 1379 3030 maguis
1401 2941 1529 3028 impen-

482 3047 535 3125 sis,
550 3045 667 3112 eduxit
689 3053 788 3133 atque
810 3047 971 3112 educavit
1005 3047 1129 3112 Verum
1158 3045 1359 3112 etenimvero
1388 3041 1527 3130 plurima

483 3152 517 3212 et
547 3147 751 3213 honorabilia
776 3170 863 3213 nova
892 3148 1032 3213 aedificia
1061 3147 1097 3211 in
1127 3148 1288 3234 plerisque
1316 3145 1395 3210 louis
1423 3142 1529 3207 nostri

481 3248 681 3327 Monnsterii,
696 3257 743 3330 ut,
759 3261 848 3339 puta,
876 3249 1058 3316 Librariam
1083 3249 1325 3334 Pistrinumque
1347 3269 1389 3312 ex
1411 3243 1528 3332 lapidi·

482 3349 544 3415 bus
570 3358 759 3438 sumptuose
789 3353 899 3418 erexit
947 3351 1120 3434 Praeterea,
1143 3373 1246 3416 unum
1270 3349 1401 3416 oalioem
1430 3367 1528 3411 aura·

482 3458 563 3534 tum,
579 3459 615 3519 et
636 3459 871 3541 sumptuosum,
887 3475 961 3519 oum
983 3454 1112 3519 duabus
1135 3474 1264 3540 quoque
1286 3449 1413 3538 phialis,
1426 3447 1528 3526 dedit,

480 3553 770 3640 vitriationemque
786 3552 799 3593 ³
812 3557 875 3640 [et]
893 3555 1147 3641 picturationem
1164 3555 1364 3639 diversisque
1378 3553 1415 3616 in
1429 3549 1528 3638 hujus

481 3655 624 3722 eoolesiae
637 3656 716 3722 locis
726 3658 798 3722 fieri
813 3657 950 3722 curavit.
985 3657 1087 3744 Cujus
1102 3657 1202 3722 etiam
1216 3657 1348 3722 bonitas
1362 3659 1396 3721 et
1410 3651 1528 3718 libera·

481 3757 559 3822 litas
581 3758 738 3844 plurimas
759 3760 871 3825 domos
896 3759 1098 3837 Monasterii,
1120 3765 1154 3824 et
1176 3759 1282 3822 multa
1303 3755 1426 3824 mduoa
1446 3753 1527 3833 loca,

481 3860 516 3925 in
539 3861 716 3947 pristinum
737 3862 909 3950 reparavit

526 3961 691 4029 Caeterum
724 3963 829 4028 multa
865 3963 931 4028 alia
963 3962 1200 4050 pretiosissima
1229 3964 1421 4026 ornamenta
1449 3955 1528 4021 buio

482 4064 681 4130 Monasterio
711 4065 873 4146 contulit;
907 4087 1031 4152 pannos
1065 4085 1145 4129 auro
1179 4071 1352 4128 exornatos
1387 4059 1528 4148 optimos

479 4166 633 4234 *obtulit
679 4168 732 4232 Ex
754 4167 976 4253 hujusoemodi
1001 4167 1120 4252 pannis
1150 4188 1276 4252 cappos,
1298 4165 1435 4241 tunioas,
1457 4161 1528 4226 dal·

480 4269 625 4347 matioss,
649 4268 781 4355 optimis
803 4267 952 4333 artificiis
973 4267 1087 4348 factas,
1112 4267 1165 4334 bio
1187 4267 1384 4346 hodienum
1407 4283 1526 4350 magno

386 4407 390 4416 »
481 4369 545 4436 Dei
566 4370 697 4451 honore,
714 4375 872 4448 tenemus,
888 4368 1007 4455 quibus
1023 4370 1168 4456 profecto
1190 4367 1338 4433 ⁵nullum
1353 4367 1389 4430 in
1403 4365 1527 4452 Anglia

515 4637 821 4704 ¹ru00ugrnns51e0s
837 4638 939 4705 vusng
957 4638 978 4689 n
1061 4637 1231 4690 ³omueuin
1243 4603 1299 4690 us.

480 4715 540 4767 bere
551 4719 673 4768 resumed.
1062 4715 1171 4782 *optulit
1181 4717 1208 4767 in
1219 4715 1276 4768 MS.

514 4792 682 4848 ’sionna
1063 4793 1258 4848 ‘suanus
