3582 5838
427 831 489 921 19'6
758 865 955 916 Ruuls'rRUtt
978 863 1132 913 susurru

257 1059 327 1110 AD·
341 1063 413 1109 ¹⁴⁵⁵·
427 1067 444 1093 “
466 1055 702 1143 mesprisiones,
729 1058 945 1141 contemptus,
973 1058 1009 1118 et
1038 1049 1271 1138 impetitiones,
1299 1068 1357 1134 por
1385 1046 1472 1132 ipsos

428 1167 445 1196 “
468 1159 634 1224 Abbatem
650 1163 683 1224 et
695 1157 905 1223 Oonvemum
920 1161 999 1221 ante
1013 1175 1139 1220 nonum
1155 1151 1243 1218 diem
1253 1150 1277 1215 J
1279 1148 1340 1214 ulii
1354 1146 1472 1213 ultimo

429 1271 445 1297 “
468 1261 684 1348 praeteritum,
711 1263 826 1325 contra
849 1259 989 1323 formam
1019 1255 1230 1322 statutorum
1255 1252 1297 1317 de
1323 1250 1473 1316 liberatis

428 1372 446 1400 “
468 1384 652 1452 pannorum
674 1367 709 1427 et
732 1360 936 1450 capitiorum,
952 1358 1055 1424 factos
1072 1357 1141 1423 sive
1157 1359 1372 1444 perpetratos,
1387 1351 1473 1417 unde

428 1475 445 1502 ‘⁴
468 1466 601 1554 penitus
626 1464 755 1532 caderet
778 1463 815 1528 in
838 1461 1043 1540 demandam,
1061 1458 1216 1536 debitum,
1233 1477 1291 1522 seu
1312 1455 1350 1520 in
1374 1453 1473 1520 finem

429 1575 448 1603 “
471 1572 506 1634 et
521 1567 785 1654 redemptionem,
801 1568 861 1630 aut
879 1563 917 1628 in
938 1563 1020 1628 alias
1041 1581 1156 1649 pesnas
1177 1557 1390 1648 pecuniarias,
1404 1555 1474 1622 sive

429 1679 447 1706 ‘¹
469 1669 770 1757 imprisonameuta,
801 1665 947 1734 Statutis
969 1663 1135 1753 praedietis
1164 1683 1231 1728 non
1259 1658 1473 1727 obstantibus.

430 1771 515 1838 “Et
545 1771 687 1857 insuper,
721 1791 763 1834 ex
793 1772 885 1835 motu
915 1772 950 1833 et
978 1765 1115 1832 scientia
1143 1762 1264 1830 nostris
1300 1759 1473 1848 praedictis,

431 1881 448 1909 “
470 1872 732 1960 perdonavimus,
753 1870 947 1948 remisimus,
962 1873 998 1935 et
1019 1866 1253 1945 relaxavimus,
1269 1863 1392 1929 eisdem
1405 1861 1473 1927 Ab·

430 1975 542 2041 “bati
566 1979 600 2039 et
623 1973 813 2040 Conventui
835 1976 955 2038 sectum
981 1970 1070 2058 pacis
1099 1973 1231 2047 nostras,
1255 1987 1330 2054 quas
1351 1965 1395 2030 ad
1416 1983 1475 2028 nos

432 2085 449 2112 “
472 2097 586 2142 versus
618 2075 707 2162 ipsos
737 2074 891 2161 pertinet,
914 2094 974 2159 pro
997 2070 1195 2137 omnimodis
1223 2066 1475 2156 proditionibus,

432 2183 449 2214 ‘⁸
472 2177 622 2255 murdris,
650 2176 801 2263 raptibus
831 2174 1015 2253 mulierum,
1045 2171 1287 2250 rebellionibus,
1317 2169 1477 2234 insurrec-

431 2287 448 2315 “
471 2279 628 2356 tionibus,
637 2277 775 2358 feloniis,
788 2275 1095 2363 corrspirationibus,
1111 2273 1347 2360 cambipartiis,
1362 2288 1475 2335 manu·

431 2388 449 2418 “
472 2381 639 2460 tenentiis,
671 2386 705 2446 et
733 2379 958 2457 imbraciariis,
989 2400 1026 2446 ac
1055 2378 1128 2443 aliis
1158 2373 1477 2464 transgressionibus,

432 2489 451 2520 ‘⁴
473 2483 613 2562 offensis,
635 2481 875 2570 ¹negligentiis,
898 2479 1172 2558 *extortionibus
1201 2477 1478 2565 mesprisionibus,

432 2593 449 2620 “
472 2583 678 2672 ignorantiis,
701 2582 953 2671 contemptibus,
977 2581 1238 2659 concelamentis,
1253 2576 1478 2657 forisfactmis,

433 2695 450 2722 “
473 2693 508 2754 et
530 2686 788 2774 deceptionibus,
815 2707 874 2773 per
899 2686 986 2772 ipsos
1007 2684 1175 2751 Abbatem
1205 2690 1240 2749 et
1269 2682 1478 2749 Conventum

433 2797 450 2826 ‘¹
473 2796 552 2857 ante
575 2790 701 2856 dictum
723 2810 847 2854 nonum
874 2787 962 2853 diem
987 2786 1072 2853 Julii
1095 2787 1365 2873 qualitercunque
1386 2783 1481 2850 factis

435 2897 452 2926 “
475 2892 544 2957 sive
567 2891 786 2980 perpetratis3
808 2911 846 2956 ac
868 2891 969 2956 etiam
991 2889 1180 2976 utlagariae,
1197 2887 1226 2954 si
1250 2909 1326 2975 quae
1340 2887 1377 2952 in
1392 2887 1480 2974 ipsos

433 3001 451 3028 ⁴‘
473 2993 640 3059 Abbatem
663 2999 697 3058 et
721 2991 932 3059 Conventum
954 2989 1018 3054 hiis
1041 2989 1270 3068 occasionibus,
1287 3009 1344 3055 seu
1368 3009 1480 3054 earum

433 3103 451 3131 “
473 3095 593 3182 aliqua,
608 3093 731 3160 fuerint
754 3092 970 3181 promulgatae
984 3115 992 3172 ;
1007 3095 1042 3157 et
1055 3091 1185 3156 firmam
1201 3112 1313 3178 paoem
1335 3094 1480 3156 nostram

434 3204 452 3233 ‘⁶
473 3197 521 3262 eis
541 3197 619 3262 inde
642 3195 857 3262 concedimus.
902 3194 956 3259 Ita
978 3198 1099 3276 tamen,
1113 3193 1203 3280 quod
1223 3198 1314 3260 stent
1333 3197 1423 3260 recto
1444 3192 1481 3256 in

433 3308 451 3338 “
475 3302 576 3368 Ouria
597 3307 721 3382 nostra,
742 3302 771 3366 si
794 3301 867 3387 quis
882 3321 996 3366 versus
1011 3322 1066 3366 eos
1079 3299 1170 3387 loqui
1184 3300 1328 3366 voluerit
1343 3299 1384 3366 de
1398 3321 1481 3387 prae·

434 3412 451 3438 ‘¹
473 3403 590 3480 missis,
605 3402 659 3468 vel
674 3402 715 3468 de
729 3402 840 3489 aliquo
854 3402 1104 3489 premissorum.
1141 3402 1188 3468 Et
1201 3402 1349 3482 ulterius,
1365 3402 1480 3489 perdo-

435 3509 452 3538 “
475 3503 637 3582 navimus,
652 3503 846 3582 remisimus,
861 3509 896 3569 et
912 3503 1145 3586 relaxavimus,
1161 3503 1283 3570 eisdem
1299 3503 1432 3582 Abbati
1447 3505 1482 3568 et

435 3614 453 3641 “
476 3605 665 3672 Oonventui
687 3605 874 3672 omnimoda
895 3605 1022 3693 escapia
1036 3605 1190 3685 lelonum,
1206 3605 1325 3673 catella
1338 3605 1482 3672 felonum

436 3715 454 3742 ‘¹
476 3712 511 3773 et
533 3707 761 3795 firgitivorum,
780 3707 898 3774 catalla
921 3707 1145 3796 utlagatorum
1161 3712 1196 3774 et
1209 3708 1354 3774 selorum
1377 3708 1418 3774 de
1440 3728 1484 3786 se,

412 3857 416 3870 .
438 3816 455 3846 “
478 3809 658 3888 deodanda,
680 3815 784 3892 vasta,
807 3809 1037 3897 impetitiones,
1053 3816 1087 3876 et
1101 3809 1306 3877 omnimodos
1328 3809 1484 3877 articulos

436 3917 454 3946 “
478 3910 623 3993 Itineris,
646 3911 892 3991 destructiones,
915 3918 950 3979 et
972 3912 1246 4000 transgressiones
1260 3911 1301 3979 de
1315 3913 1416 3979 viridi
1431 3909 1484 3978 vel

436 4021 454 4049 “
476 4013 660 4093 venatione,
671 4014 878 4080 venditiones
890 4015 1060 4082 boscorum
1075 4013 1163 4081 infra
1177 4015 1314 4082 forestas
1329 4019 1364 4081 et
1379 4019 1484 4093 extra,

438 4121 455 4150 “
477 4121 512 4182 et
534 4113 672 4180 aliarum
694 4135 803 4182 rerum
827 4137 1104 4204 quarumcunque,
1120 4124 1199 4184 ante
1218 4117 1343 4184 dictum
1358 4137 1484 4184 nonum

439 4225 456 4253 “
479 4217 566 4283 diem
595 4216 691 4297 Julii,
721 4216 809 4283 infra
837 4225 987 4284 nostrum
1010 4241 1148 4307 regnum
1170 4220 1301 4308 Angliae
1331 4225 1366 4286 et
1396 4219 1485 4284 Mar-

439 4325 457 4353 “
479 4317 586 4384 chiam
610 4317 739 4384 Walliae
762 4339 885 4385 emersa
906 4325 942 4385 et
960 4328 1088 4401 eventa,
1104 4322 1192 4388 unde
1206 4321 1338 4410 punitio
1354 4321 1486 4388 eederet

437 4429 455 4455 “
477 4421 514 4486 in
529 4421 732 4500 demandam,
749 4421 905 4500 debitam,
920 4443 978 4488 seu
997 4423 1035 4488 in
1055 4425 1152 4491 finem
1169 4429 1204 4491 et
1218 4423 1486 4512 redemptionem,

438 4524 595 4589 “autin
617 4522 699 4589 alias
728 4543 844 4610 poenss
872 4525 1084 4612 pecuniarias,
1107 4549 1165 4592 seu
1185 4527 1223 4592 in
1244 4526 1486 4594 forisfacturam

471 4765 758 4833 'mamintus
946 4767 954 4837 ι
1001 4770 1301 4824 ηψηιόηειωῑιιυε
