<?xml version="1.0" encoding="UTF-8"?>
<!DOCTYPE html PUBLIC "-//W3C//DTD XHTML 1.0 Transitional//EN"
    "http://www.w3.org/TR/xhtml1/DTD/xhtml1-transitional.dtd">
<html xmlns="http://www.w3.org/1999/xhtml" xml:lang="en" lang="en">
 <head>
  <title>
</title>
<meta http-equiv="Content-Type" content="text/html;charset=utf-8" />
  <meta name='ocr-system' content='tesseract 3.04.00' />
  <meta name='ocr-capabilities' content='ocr_page ocr_carea ocr_par ocr_line ocrx_word'/>
</head>
<body>
  <div class='ocr_page' id='page_1' title='image "./registraquorund00wallgoog_0157.png"; bbox 0 0 3588 5838; ppageno 0'>
   <div class='ocr_carea' id='block_1_1' title="bbox 490 900 1356 965">
    <p class='ocr_par' dir='ltr' id='par_1_1' title="bbox 490 900 1356 965">
     <span class='ocr_line' id='line_1_1' title="bbox 490 900 1356 965; baseline 0.002 -3"><span class='ocrx_word' id='word_1_1' title='bbox 490 913 663 965; x_wconf 74' lang='lat' dir='ltr'><strong>sonemus</strong></span> <span class='ocrx_word' id='word_1_2' title='bbox 684 913 971 964; x_wconf 74' lang='lat' dir='ltr'><strong>uumerusrnun</strong></span> <span class='ocrx_word' id='word_1_3' title='bbox 992 911 1170 964; x_wconf 72' lang='lat' dir='ltr'><strong>suenrus.</strong></span> <span class='ocrx_word' id='word_1_4' title='bbox 1314 900 1356 964; x_wconf 85' lang='lat'><strong>99</strong></span> 
     </span>
    </p>
   </div>
   <div class='ocr_carea' id='block_1_2' title="bbox 300 1101 1526 4485">
    <p class='ocr_par' dir='ltr' id='par_1_2' title="bbox 303 1101 1526 1910">
     <span class='ocr_line' id='line_1_2' title="bbox 305 1101 1518 1193; baseline -0.005 -25"><span class='ocrx_word' id='word_1_5' title='bbox 305 1101 491 1170; x_wconf 88' lang='lat' dir='ltr'><strong>“Domino</strong></span> <span class='ocrx_word' id='word_1_6' title='bbox 526 1105 767 1193; x_wconf 82' lang='lat' dir='ltr'><strong>sempiternam</strong></span> <span class='ocrx_word' id='word_1_7' title='bbox 828 1105 970 1170; x_wconf 75' lang='lat' dir='ltr'>Noverit</span> <span class='ocrx_word' id='word_1_8' title='bbox 1005 1101 1207 1170; x_wconf 75' lang='lat' dir='ltr'><strong>universitas</strong></span> <span class='ocrx_word' id='word_1_9' title='bbox 1235 1103 1518 1178; x_wconf 63' lang='lat' dir='ltr'><strong>vestrumea</strong></span> 
     </span>
     <span class='ocr_line' id='line_1_3' title="bbox 303 1200 1526 1318; baseline 0 -49"><span class='ocrx_word' id='word_1_10' title='bbox 303 1212 322 1240; x_wconf 86' lang='lat'>“</span> <span class='ocrx_word' id='word_1_11' title='bbox 344 1226 406 1286; x_wconf 90' lang='lat' dir='ltr'><strong>me,</strong></span> <span class='ocrx_word' id='word_1_12' title='bbox 422 1206 596 1294; x_wconf 82' lang='lat' dir='ltr'><strong>praefetum</strong></span> <span class='ocrx_word' id='word_1_13' title='bbox 607 1207 775 1289; x_wconf 80' lang='lat' dir='ltr'><strong>Thomam,</strong></span> <span class='ocrx_word' id='word_1_14' title='bbox 791 1206 963 1287; x_wconf 76' lang='lat' dir='ltr'>remisisse,</span> <span class='ocrx_word' id='word_1_15' title='bbox 976 1205 1149 1285; x_wconf 81' lang='lat' dir='ltr'><strong>relaxasse,</strong></span> <span class='ocrx_word' id='word_1_16' title='bbox 1161 1210 1196 1273; x_wconf 88' lang='lat' dir='ltr'><strong>et</strong></span> <span class='ocrx_word' id='word_1_17' title='bbox 1211 1203 1356 1282; x_wconf 88' lang='lat' dir='ltr'><strong>omnino,</strong></span> <span class='ocrx_word' id='word_1_18' title='bbox 1368 1214 1396 1316; x_wconf 60' lang='lat' dir='ltr'>ff</span> <span class='ocrx_word' id='word_1_19' title='bbox 1407 1200 1526 1318; x_wconf 42' lang='lat' dir='ltr'><strong>{mh</strong></span> 
     </span>
     <span class='ocr_line' id='line_1_4' title="bbox 304 1283 1476 1399; baseline -0.002 -24"><span class='ocrx_word' id='word_1_20' title='bbox 304 1313 324 1344; x_wconf 91' lang='lat'>“</span> <span class='ocrx_word' id='word_1_21' title='bbox 345 1330 403 1395; x_wconf 90' lang='lat' dir='ltr'><strong>pro</strong></span> <span class='ocrx_word' id='word_1_22' title='bbox 425 1313 535 1376; x_wconf 90' lang='lat' dir='ltr'><strong>meet</strong></span> <span class='ocrx_word' id='word_1_23' title='bbox 568 1309 755 1378; x_wconf 83' lang='lat' dir='ltr'><strong>baeredibus</strong></span> <span class='ocrx_word' id='word_1_24' title='bbox 786 1309 868 1376; x_wconf 89' lang='lat' dir='ltr'><strong>meis</strong></span> <span class='ocrx_word' id='word_1_25' title='bbox 889 1308 948 1375; x_wconf 87' lang='lat' dir='ltr'><strong>¹in</strong></span> <span class='ocrx_word' id='word_1_26' title='bbox 970 1313 1166 1398; x_wconf 85' lang='lat' dir='ltr'><strong>perpetuum</strong></span> <span class='ocrx_word' id='word_1_27' title='bbox 1188 1307 1353 1396; x_wconf 87' lang='lat' dir='ltr'><strong>quietum·</strong></span> <span class='ocrx_word' id='word_1_28' title='bbox 1366 1283 1476 1399; x_wconf 51' lang='grc' dir='ltr'><strong>ἕως.</strong></span> 
     </span>
     <span class='ocr_line' id='line_1_5' title="bbox 304 1405 1508 1518; baseline 0 -40"><span class='ocrx_word' id='word_1_29' title='bbox 304 1417 323 1450; x_wconf 86' lang='grc'><strong>“</strong></span> <span class='ocrx_word' id='word_1_30' title='bbox 344 1411 507 1496; x_wconf 85' lang='lat' dir='ltr'><strong>elamssss,</strong></span> <span class='ocrx_word' id='word_1_31' title='bbox 545 1413 728 1480; x_wconf 82' lang='lat' dir='ltr'><strong>venerabili</strong></span> <span class='ocrx_word' id='word_1_32' title='bbox 760 1413 798 1478; x_wconf 88' lang='lat' dir='ltr'><strong>iu</strong></span> <span class='ocrx_word' id='word_1_33' title='bbox 835 1411 968 1479; x_wconf 83' lang='lat' dir='ltr'><strong>Christo</strong></span> <span class='ocrx_word' id='word_1_34' title='bbox 1006 1411 1095 1500; x_wconf 91' lang='lat' dir='ltr'><strong>patri</strong></span> <span class='ocrx_word' id='word_1_35' title='bbox 1137 1419 1171 1478; x_wconf 86' lang='lat' dir='ltr'><strong>et</strong></span> <span class='ocrx_word' id='word_1_36' title='bbox 1208 1411 1352 1493; x_wconf 89' lang='lat' dir='ltr'><strong>domino,</strong></span> <span class='ocrx_word' id='word_1_37' title='bbox 1365 1405 1508 1518; x_wconf 44' lang='lat' dir='ltr'><strong>&amp;md</strong></span> 
     </span>
     <span class='ocr_line' id='line_1_6' title="bbox 305 1513 1494 1602; baseline 0.004 -23"><span class='ocrx_word' id='word_1_38' title='bbox 305 1519 324 1550; x_wconf 82' lang='lat'><strong>‘⁴</strong></span> <span class='ocrx_word' id='word_1_39' title='bbox 346 1513 490 1583; x_wconf 90' lang='lat' dir='ltr'><strong>Domino</strong></span> <span class='ocrx_word' id='word_1_40' title='bbox 512 1516 670 1598; x_wconf 77' lang='lat' dir='ltr'><strong>lobanni,</strong></span> <span class='ocrx_word' id='word_1_41' title='bbox 686 1515 896 1584; x_wconf 87' lang='lat' dir='ltr'><strong>miseratione</strong></span> <span class='ocrx_word' id='word_1_42' title='bbox 919 1515 1043 1596; x_wconf 86' lang='lat' dir='ltr'><strong>divina,</strong></span> <span class='ocrx_word' id='word_1_43' title='bbox 1058 1515 1184 1582; x_wconf 83' lang='lat' dir='ltr'><strong>Abbati</strong></span> <span class='ocrx_word' id='word_1_44' title='bbox 1206 1515 1353 1602; x_wconf 86' lang='lat' dir='ltr'><strong>exempti</strong></span> <span class='ocrx_word' id='word_1_45' title='bbox 1365 1533 1494 1586; x_wconf 69' lang='lat' dir='ltr'><strong>adcon-</strong></span> 
     </span>
     <span class='ocr_line' id='line_1_7' title="bbox 304 1600 1512 1730; baseline 0.007 -48"><span class='ocrx_word' id='word_1_46' title='bbox 304 1620 323 1651; x_wconf 68' lang='lat' dir='ltr'><strong>r</strong></span> <span class='ocrx_word' id='word_1_47' title='bbox 345 1615 538 1685; x_wconf 69' lang='lat' dir='ltr'><strong>nomem</strong></span> <span class='ocrx_word' id='word_1_48' title='bbox 559 1618 674 1686; x_wconf 65' lang='lat' dir='ltr'><strong>saner</strong></span> <span class='ocrx_word' id='word_1_49' title='bbox 696 1618 828 1698; x_wconf 62' lang='lat' dir='ltr'><strong>nsum</strong></span> <span class='ocrx_word' id='word_1_50' title='bbox 851 1624 886 1686; x_wconf 70' lang='lat' dir='ltr'><strong>es</strong></span> <span class='ocrx_word' id='word_1_51' title='bbox 908 1618 1053 1705; x_wconf 78' lang='lat' dir='ltr'><strong>ejusdem</strong></span> <span class='ocrx_word' id='word_1_52' title='bbox 1074 1618 1137 1686; x_wconf 79' lang='lat' dir='ltr'><strong>roe</strong></span> <span class='ocrx_word' id='word_1_53' title='bbox 1158 1600 1512 1730; x_wconf 44' lang='lat' dir='ltr'><strong>conventuum}</strong></span> 
     </span>
     <span class='ocr_line' id='line_1_8' title="bbox 304 1720 1523 1810; baseline 0.001 -25"><span class='ocrx_word' id='word_1_54' title='bbox 304 1723 379 1786; x_wconf 87' lang='lat' dir='ltr'><strong>“et</strong></span> <span class='ocrx_word' id='word_1_55' title='bbox 402 1721 641 1788; x_wconf 85' lang='lat' dir='ltr'><strong>sueeessoribus</strong></span> <span class='ocrx_word' id='word_1_56' title='bbox 666 1721 742 1803; x_wconf 86' lang='lat' dir='ltr'><strong>suis,</strong></span> <span class='ocrx_word' id='word_1_57' title='bbox 773 1727 882 1788; x_wconf 88' lang='lat' dir='ltr'><strong>totum</strong></span> <span class='ocrx_word' id='word_1_58' title='bbox 903 1720 960 1807; x_wconf 89' lang='lat' dir='ltr'><strong>jus</strong></span> <span class='ocrx_word' id='word_1_59' title='bbox 984 1743 1093 1788; x_wconf 87' lang='lat' dir='ltr'><strong>meum</strong></span> <span class='ocrx_word' id='word_1_60' title='bbox 1122 1725 1159 1788; x_wconf 94' lang='lat' dir='ltr'><strong>et</strong></span> <span class='ocrx_word' id='word_1_61' title='bbox 1181 1720 1523 1810; x_wconf 76' lang='lat' dir='ltr'><strong>elameum,an.14m.</strong></span> 
     </span>
     <span class='ocr_line' id='line_1_9' title="bbox 306 1822 1355 1910; baseline 0.001 -21"><span class='ocrx_word' id='word_1_62' title='bbox 306 1826 325 1857; x_wconf 91' lang='lat'><strong>“</strong></span> <span class='ocrx_word' id='word_1_63' title='bbox 346 1843 420 1908; x_wconf 85' lang='lat' dir='ltr'><strong>quse</strong></span> <span class='ocrx_word' id='word_1_64' title='bbox 440 1822 552 1906; x_wconf 85' lang='lat' dir='ltr'><strong>habui,</strong></span> <span class='ocrx_word' id='word_1_65' title='bbox 566 1823 681 1904; x_wconf 89' lang='lat' dir='ltr'><strong>babeo,</strong></span> <span class='ocrx_word' id='word_1_66' title='bbox 696 1845 754 1890; x_wconf 90' lang='lat' dir='ltr'><strong>seu</strong></span> <span class='ocrx_word' id='word_1_67' title='bbox 768 1825 886 1910; x_wconf 85' lang='lat' dir='ltr'><strong>quovis</strong></span> <span class='ocrx_word' id='word_1_68' title='bbox 901 1824 998 1890; x_wconf 88' lang='lat' dir='ltr'><strong>modo</strong></span> <span class='ocrx_word' id='word_1_69' title='bbox 1012 1824 1050 1890; x_wconf 92' lang='lat' dir='ltr'><strong>in</strong></span> <span class='ocrx_word' id='word_1_70' title='bbox 1063 1823 1213 1890; x_wconf 84' lang='lat' dir='ltr'><strong>futurum</strong></span> <span class='ocrx_word' id='word_1_71' title='bbox 1235 1823 1355 1890; x_wconf 88' lang='lat' dir='ltr'><strong>bubere</strong></span> 
     </span>
    </p>

    <p class='ocr_par' dir='ltr' id='par_1_3' title="bbox 305 1925 1354 2012">
     <span class='ocr_line' id='line_1_10' title="bbox 305 1925 1354 2012; baseline -0.001 -20"><span class='ocrx_word' id='word_1_72' title='bbox 305 1933 324 1962; x_wconf 90' lang='lat'><strong>“</strong></span> <span class='ocrx_word' id='word_1_73' title='bbox 344 1931 467 2012; x_wconf 89' lang='lat' dir='ltr'><strong>potero,</strong></span> <span class='ocrx_word' id='word_1_74' title='bbox 490 1927 531 1993; x_wconf 91' lang='lat' dir='ltr'><strong>de</strong></span> <span class='ocrx_word' id='word_1_75' title='bbox 552 1933 587 1995; x_wconf 94' lang='lat' dir='ltr'><strong>et</strong></span> <span class='ocrx_word' id='word_1_76' title='bbox 620 1927 657 1992; x_wconf 92' lang='lat' dir='ltr'><strong>in</strong></span> <span class='ocrx_word' id='word_1_77' title='bbox 688 1927 841 1993; x_wconf 89' lang='lat' dir='ltr'><strong>omnibus</strong></span> <span class='ocrx_word' id='word_1_78' title='bbox 874 1925 940 1993; x_wconf 89' lang='lat' dir='ltr'><strong>illis</strong></span> <span class='ocrx_word' id='word_1_79' title='bbox 962 1927 1059 1993; x_wconf 84' lang='lat' dir='ltr'><strong>terris</strong></span> <span class='ocrx_word' id='word_1_80' title='bbox 1082 1931 1117 1993; x_wconf 93' lang='lat' dir='ltr'><strong>et</strong></span> <span class='ocrx_word' id='word_1_81' title='bbox 1146 1925 1354 2005; x_wconf 75' lang='lat' dir='ltr'><strong>tenementis,</strong></span> 
     </span>
    </p>

    <p class='ocr_par' dir='ltr' id='par_1_4' title="bbox 306 2028 1353 2117">
     <span class='ocr_line' id='line_1_11' title="bbox 306 2028 1353 2117; baseline 0 -23"><span class='ocrx_word' id='word_1_82' title='bbox 306 2035 323 2064; x_wconf 90' lang='lat'>“</span> <span class='ocrx_word' id='word_1_83' title='bbox 345 2050 418 2094; x_wconf 83' lang='lat' dir='ltr'><strong>cum</strong></span> <span class='ocrx_word' id='word_1_84' title='bbox 451 2029 659 2117; x_wconf 72' lang='lat' dir='ltr'><strong>pertinentiis</strong></span> <span class='ocrx_word' id='word_1_85' title='bbox 693 2030 769 2110; x_wconf 88' lang='lat' dir='ltr'><strong>suis,</strong></span> <span class='ocrx_word' id='word_1_86' title='bbox 801 2048 907 2117; x_wconf 83' lang='lat' dir='ltr'><strong>nuper</strong></span> <span class='ocrx_word' id='word_1_87' title='bbox 939 2028 1101 2096; x_wconf 83' lang='lat' dir='ltr'><strong>Johennis</strong></span> <span class='ocrx_word' id='word_1_88' title='bbox 1134 2028 1353 2108; x_wconf 76' lang='lat' dir='ltr'><strong>Swauburne&#39;,</strong></span> 
     </span>
    </p>

    <p class='ocr_par' dir='ltr' id='par_1_5' title="bbox 305 2131 1354 2218">
     <span class='ocr_line' id='line_1_12' title="bbox 305 2131 1354 2218; baseline 0.001 -22"><span class='ocrx_word' id='word_1_89' title='bbox 305 2136 322 2164; x_wconf 71' lang='lat'><strong>⁶⁸</strong></span> <span class='ocrx_word' id='word_1_90' title='bbox 343 2131 474 2198; x_wconf 86' lang='lat' dir='ltr'><strong>eituetis</strong></span> <span class='ocrx_word' id='word_1_91' title='bbox 496 2137 531 2199; x_wconf 89' lang='lat' dir='ltr'><strong>et</strong></span> <span class='ocrx_word' id='word_1_92' title='bbox 550 2131 738 2218; x_wconf 76' lang='lat' dir='ltr'><strong>jubentibus</strong></span> <span class='ocrx_word' id='word_1_93' title='bbox 759 2132 798 2197; x_wconf 93' lang='lat' dir='ltr'><strong>in</strong></span> <span class='ocrx_word' id='word_1_94' title='bbox 827 2131 909 2198; x_wconf 84' lang='lat' dir='ltr'><strong>villa</strong></span> <span class='ocrx_word' id='word_1_95' title='bbox 931 2131 972 2199; x_wconf 91' lang='lat' dir='ltr'><strong>de</strong></span> <span class='ocrx_word' id='word_1_96' title='bbox 994 2131 1117 2199; x_wconf 82' lang='lat' dir='ltr'><strong>Sancto</strong></span> <span class='ocrx_word' id='word_1_97' title='bbox 1139 2131 1285 2214; x_wconf 87' lang='lat' dir='ltr'><strong>Albano,</strong></span> <span class='ocrx_word' id='word_1_98' title='bbox 1317 2131 1354 2197; x_wconf 92' lang='lat' dir='ltr'><strong>in</strong></span> 
     </span>
    </p>

    <p class='ocr_par' dir='ltr' id='par_1_6' title="bbox 304 2233 1355 2322">
     <span class='ocr_line' id='line_1_13' title="bbox 304 2233 1355 2322; baseline 0 -22"><span class='ocrx_word' id='word_1_99' title='bbox 304 2241 322 2269; x_wconf 90' lang='lat'><strong>“</strong></span> <span class='ocrx_word' id='word_1_100' title='bbox 344 2233 512 2301; x_wconf 74' lang='lat' dir='ltr'><strong>Comitatu</strong></span> <span class='ocrx_word' id='word_1_101' title='bbox 536 2234 748 2318; x_wconf 79' lang='lat' dir='ltr'><strong>Hertfordiae,</strong></span> <span class='ocrx_word' id='word_1_102' title='bbox 771 2239 806 2301; x_wconf 89' lang='lat' dir='ltr'><strong>et</strong></span> <span class='ocrx_word' id='word_1_103' title='bbox 823 2236 925 2322; x_wconf 80' lang='lat' dir='ltr'><strong>juxte</strong></span> <span class='ocrx_word' id='word_1_104' title='bbox 947 2234 1106 2302; x_wconf 77' lang='lat' dir='ltr'><strong>Sanctum</strong></span> <span class='ocrx_word' id='word_1_105' title='bbox 1121 2234 1300 2312; x_wconf 90' lang='lat' dir='ltr'><strong>Albanum,</strong></span> <span class='ocrx_word' id='word_1_106' title='bbox 1318 2234 1355 2300; x_wconf 92' lang='lat' dir='ltr'><strong>in</strong></span> 
     </span>
    </p>

    <p class='ocr_par' dir='ltr' id='par_1_7' title="bbox 304 2335 1356 2426">
     <span class='ocr_line' id='line_1_14' title="bbox 304 2335 1356 2426; baseline 0 -24"><span class='ocrx_word' id='word_1_107' title='bbox 304 2344 321 2372; x_wconf 84' lang='lat'><strong>⁴‘</strong></span> <span class='ocrx_word' id='word_1_108' title='bbox 343 2335 515 2404; x_wconf 77' lang='lat' dir='ltr'><strong>Comitatu</strong></span> <span class='ocrx_word' id='word_1_109' title='bbox 534 2337 716 2426; x_wconf 82' lang='lat' dir='ltr'><strong>praediet03</strong></span> <span class='ocrx_word' id='word_1_110' title='bbox 737 2339 826 2405; x_wconf 92' lang='lat' dir='ltr'><strong>unde</strong></span> <span class='ocrx_word' id='word_1_111' title='bbox 840 2360 944 2405; x_wconf 89' lang='lat' dir='ltr'><strong>unum</strong></span> <span class='ocrx_word' id='word_1_112' title='bbox 965 2341 1194 2404; x_wconf 88' lang='lat' dir='ltr'><strong>tenementum</strong></span> <span class='ocrx_word' id='word_1_113' title='bbox 1208 2339 1356 2404; x_wconf 78' lang='lat' dir='ltr'><strong>situatur</strong></span> 
     </span>
    </p>

    <p class='ocr_par' dir='ltr' id='par_1_8' title="bbox 306 2437 1354 2522">
     <span class='ocr_line' id='line_1_15' title="bbox 306 2437 1354 2522; baseline 0.001 -17"><span class='ocrx_word' id='word_1_114' title='bbox 306 2439 381 2505; x_wconf 90' lang='lat' dir='ltr'><strong>“in</strong></span> <span class='ocrx_word' id='word_1_115' title='bbox 406 2439 497 2506; x_wconf 84' lang='lat' dir='ltr'><strong>dieta</strong></span> <span class='ocrx_word' id='word_1_116' title='bbox 529 2437 634 2507; x_wconf 73' lang='lat' dir='ltr'><strong>&#39;villa</strong></span> <span class='ocrx_word' id='word_1_117' title='bbox 664 2441 706 2508; x_wconf 91' lang='lat' dir='ltr'><strong>de</strong></span> <span class='ocrx_word' id='word_1_118' title='bbox 731 2440 855 2508; x_wconf 83' lang='lat' dir='ltr'><strong>Sancto</strong></span> <span class='ocrx_word' id='word_1_119' title='bbox 885 2441 1026 2522; x_wconf 88' lang='lat' dir='ltr'><strong>Albano,</strong></span> <span class='ocrx_word' id='word_1_120' title='bbox 1060 2441 1098 2506; x_wconf 90' lang='lat' dir='ltr'><strong>in</strong></span> <span class='ocrx_word' id='word_1_121' title='bbox 1130 2441 1205 2507; x_wconf 86' lang='lat' dir='ltr'><strong>vieo</strong></span> <span class='ocrx_word' id='word_1_122' title='bbox 1236 2445 1354 2508; x_wconf 85' lang='lat' dir='ltr'><strong>vocato</strong></span> 
     </span>
    </p>

    <p class='ocr_par' dir='ltr' id='par_1_9' title="bbox 305 2541 1352 2631">
     <span class='ocr_line' id='line_1_16' title="bbox 305 2541 1352 2631; baseline 0.002 -23"><span class='ocrx_word' id='word_1_123' title='bbox 305 2549 322 2578; x_wconf 90' lang='lat'><strong>“</strong></span> <span class='ocrx_word' id='word_1_124' title='bbox 344 2541 658 2623; x_wconf 80' lang='lat' dir='ltr'><strong>‘Hnliwellestrete,&#39;</strong></span> <span class='ocrx_word' id='word_1_125' title='bbox 673 2544 762 2610; x_wconf 88' lang='lat' dir='ltr'><strong>inter</strong></span> <span class='ocrx_word' id='word_1_126' title='bbox 775 2544 1003 2610; x_wconf 83' lang='lat' dir='ltr'><strong>tenementum</strong></span> <span class='ocrx_word' id='word_1_127' title='bbox 1012 2541 1037 2610; x_wconf 85' lang='lat' dir='ltr'><strong>J</strong></span> <span class='ocrx_word' id='word_1_128' title='bbox 1036 2541 1199 2610; x_wconf 80' lang='lat' dir='ltr'><strong>ohannis⁸</strong></span> <span class='ocrx_word' id='word_1_129' title='bbox 1210 2543 1352 2631; x_wconf 84' lang='lat' dir='ltr'><strong>Pykote,</strong></span> 
     </span>
    </p>

    <p class='ocr_par' dir='ltr' id='par_1_10' title="bbox 305 2645 1354 2735">
     <span class='ocr_line' id='line_1_17' title="bbox 305 2645 1354 2735; baseline 0.003 -24"><span class='ocrx_word' id='word_1_130' title='bbox 305 2651 325 2682; x_wconf 91' lang='lat'><strong>“</strong></span> <span class='ocrx_word' id='word_1_131' title='bbox 345 2651 500 2713; x_wconf 79' lang='lat' dir='ltr'><strong>vocatum</strong></span> <span class='ocrx_word' id='word_1_132' title='bbox 530 2645 598 2713; x_wconf 88' lang='lat' dir='ltr'><strong>‘Le</strong></span> <span class='ocrx_word' id='word_1_133' title='bbox 617 2645 826 2726; x_wconf 85' lang='lat' dir='ltr'><strong>Stonelrelle,’</strong></span> <span class='ocrx_word' id='word_1_134' title='bbox 847 2669 890 2714; x_wconf 85' lang='lat' dir='ltr'><strong>ex</strong></span> <span class='ocrx_word' id='word_1_135' title='bbox 911 2651 1005 2735; x_wconf 84' lang='lat' dir='ltr'><strong>perte</strong></span> <span class='ocrx_word' id='word_1_136' title='bbox 1018 2645 1181 2726; x_wconf 70' lang='lat' dir='ltr'><strong>*Boreali</strong></span> <span class='ocrx_word' id='word_1_137' title='bbox 1204 2652 1240 2713; x_wconf 92' lang='lat' dir='ltr'><strong>et</strong></span> <span class='ocrx_word' id='word_1_138' title='bbox 1261 2653 1354 2714; x_wconf 88' lang='lat' dir='ltr'><strong>tene·</strong></span> 
     </span>
    </p>

    <p class='ocr_par' dir='ltr' id='par_1_11' title="bbox 305 2747 1355 2837">
     <span class='ocr_line' id='line_1_18' title="bbox 305 2747 1355 2837; baseline 0.002 -24"><span class='ocrx_word' id='word_1_139' title='bbox 305 2753 324 2784; x_wconf 90' lang='lat'><strong>“</strong></span> <span class='ocrx_word' id='word_1_140' title='bbox 344 2753 495 2816; x_wconf 91' lang='lat' dir='ltr'><strong>mentum</strong></span> <span class='ocrx_word' id='word_1_141' title='bbox 508 2770 614 2837; x_wconf 88' lang='lat' dir='ltr'><strong>nuper</strong></span> <span class='ocrx_word' id='word_1_142' title='bbox 627 2747 761 2817; x_wconf 84' lang='lat' dir='ltr'><strong>Thomas</strong></span> <span class='ocrx_word' id='word_1_143' title='bbox 776 2749 924 2836; x_wconf 87' lang='lat' dir='ltr'><strong>Heynes,</strong></span> <span class='ocrx_word' id='word_1_144' title='bbox 937 2753 1092 2818; x_wconf 83' lang='lat' dir='ltr'><strong>voeetum</strong></span> <span class='ocrx_word' id='word_1_145' title='bbox 1105 2757 1114 2785; x_wconf 89' lang='lat'><em>‘</em></span> <span class='ocrx_word' id='word_1_146' title='bbox 1125 2748 1172 2816; x_wconf 88' lang='lat' dir='ltr'><strong>Ie</strong></span> <span class='ocrx_word' id='word_1_147' title='bbox 1186 2747 1299 2832; x_wconf 84' lang='lat' dir='ltr'><strong>Belle,&#39;</strong></span> <span class='ocrx_word' id='word_1_148' title='bbox 1312 2771 1355 2815; x_wconf 85' lang='lat' dir='ltr'><strong>ex</strong></span> 
     </span>
    </p>

    <p class='ocr_par' dir='ltr' id='par_1_12' title="bbox 307 2851 1355 2940">
     <span class='ocr_line' id='line_1_19' title="bbox 307 2851 1355 2940; baseline 0.001 -22"><span class='ocrx_word' id='word_1_149' title='bbox 307 2859 324 2888; x_wconf 89' lang='lat'><strong><em>“</em></strong></span> <span class='ocrx_word' id='word_1_150' title='bbox 344 2857 439 2940; x_wconf 80' lang='lat' dir='ltr'><strong>parte</strong></span> <span class='ocrx_word' id='word_1_151' title='bbox 464 2852 624 2934; x_wconf 78' lang='lat' dir='ltr'><strong>Australi,</strong></span> <span class='ocrx_word' id='word_1_152' title='bbox 646 2855 681 2920; x_wconf 92' lang='lat' dir='ltr'><strong>et</strong></span> <span class='ocrx_word' id='word_1_153' title='bbox 703 2852 857 2920; x_wconf 83' lang='lat' dir='ltr'><strong>extendit</strong></span> <span class='ocrx_word' id='word_1_154' title='bbox 879 2875 913 2920; x_wconf 88' lang='lat' dir='ltr'><strong>se</strong></span> <span class='ocrx_word' id='word_1_155' title='bbox 936 2875 956 2918; x_wconf 89' lang='lat' dir='ltr'><strong>e</strong></span> <span class='ocrx_word' id='word_1_156' title='bbox 977 2852 1068 2940; x_wconf 81' lang='lat' dir='ltr'><strong>regio</strong></span> <span class='ocrx_word' id='word_1_157' title='bbox 1090 2853 1164 2919; x_wconf 88' lang='lat' dir='ltr'><strong>vieo</strong></span> <span class='ocrx_word' id='word_1_158' title='bbox 1186 2851 1355 2940; x_wconf 76' lang='lat' dir='ltr'><strong>praedicto,</strong></span> 
     </span>
    </p>

    <p class='ocr_par' dir='ltr' id='par_1_13' title="bbox 305 2955 1352 3044">
     <span class='ocr_line' id='line_1_20' title="bbox 305 2955 1352 3044; baseline -0.002 -22"><span class='ocrx_word' id='word_1_159' title='bbox 305 2961 325 2994; x_wconf 90' lang='lat'><strong>“</strong></span> <span class='ocrx_word' id='word_1_160' title='bbox 345 2978 388 3022; x_wconf 86' lang='lat' dir='ltr'><strong>ex</strong></span> <span class='ocrx_word' id='word_1_161' title='bbox 409 2961 503 3044; x_wconf 83' lang='lat' dir='ltr'><strong>purte</strong></span> <span class='ocrx_word' id='word_1_162' title='bbox 527 2955 738 3040; x_wconf 82' lang='lat' dir='ltr'><strong>Oeeidentali,</strong></span> <span class='ocrx_word' id='word_1_163' title='bbox 760 2977 865 3044; x_wconf 85' lang='lat' dir='ltr'><strong>usque</strong></span> <span class='ocrx_word' id='word_1_164' title='bbox 902 2956 946 3022; x_wconf 87' lang='lat' dir='ltr'><strong>ed</strong></span> <span class='ocrx_word' id='word_1_165' title='bbox 975 2955 1151 3042; x_wconf 89' lang='lat' dir='ltr'><strong>quemdam</strong></span> <span class='ocrx_word' id='word_1_166' title='bbox 1185 2955 1352 3038; x_wconf 87' lang='lat' dir='ltr'><strong>fossatum,</strong></span> 
     </span>
    </p>

    <p class='ocr_par' dir='ltr' id='par_1_14' title="bbox 306 3057 1354 3146">
     <span class='ocr_line' id='line_1_21' title="bbox 306 3057 1354 3146; baseline -0.002 -22"><span class='ocrx_word' id='word_1_167' title='bbox 306 3062 324 3096; x_wconf 90' lang='lat'><strong>“</strong></span> <span class='ocrx_word' id='word_1_168' title='bbox 343 3065 497 3124; x_wconf 81' lang='lat' dir='ltr'><strong>meatum</strong></span> <span class='ocrx_word' id='word_1_169' title='bbox 535 3057 816 3140; x_wconf 85' lang='lat' dir='ltr'><strong>‘Monkendiebe‚&#39;</strong></span> <span class='ocrx_word' id='word_1_170' title='bbox 852 3079 895 3124; x_wconf 86' lang='lat' dir='ltr'><strong>ex</strong></span> <span class='ocrx_word' id='word_1_171' title='bbox 932 3063 1025 3146; x_wconf 81' lang='lat' dir='ltr'><strong>purte</strong></span> <span class='ocrx_word' id='word_1_172' title='bbox 1062 3057 1233 3126; x_wconf 87' lang='lat' dir='ltr'><strong>Orientali.</strong></span> <span class='ocrx_word' id='word_1_173' title='bbox 1277 3057 1354 3123; x_wconf 89' lang='lat' dir='ltr'><strong>Duo</strong></span> 
     </span>
    </p>

    <p class='ocr_par' dir='ltr' id='par_1_15' title="bbox 305 3159 1353 3238">
     <span class='ocr_line' id='line_1_22' title="bbox 305 3159 1353 3238; baseline -0.001 -12"><span class='ocrx_word' id='word_1_174' title='bbox 305 3167 323 3197; x_wconf 90' lang='lat'><strong>“</strong></span> <span class='ocrx_word' id='word_1_175' title='bbox 343 3165 533 3228; x_wconf 87' lang='lat' dir='ltr'><strong>tenementa</strong></span> <span class='ocrx_word' id='word_1_176' title='bbox 554 3161 653 3228; x_wconf 88' lang='lat' dir='ltr'><strong>simul</strong></span> <span class='ocrx_word' id='word_1_177' title='bbox 674 3161 843 3229; x_wconf 80' lang='lat' dir='ltr'><strong>situentur</strong></span> <span class='ocrx_word' id='word_1_178' title='bbox 864 3160 988 3228; x_wconf 89' lang='lat' dir='ltr'><strong>ibidem</strong></span> <span class='ocrx_word' id='word_1_179' title='bbox 1002 3161 1040 3226; x_wconf 90' lang='lat' dir='ltr'><strong>in</strong></span> <span class='ocrx_word' id='word_1_180' title='bbox 1061 3159 1151 3226; x_wconf 88' lang='lat' dir='ltr'><strong>dieto</strong></span> <span class='ocrx_word' id='word_1_181' title='bbox 1166 3159 1249 3238; x_wconf 85' lang='lat' dir='ltr'><strong>vieo,</strong></span> <span class='ocrx_word' id='word_1_182' title='bbox 1263 3159 1353 3226; x_wconf 89' lang='lat' dir='ltr'><strong>inter</strong></span> 
     </span>
    </p>

    <p class='ocr_par' dir='ltr' id='par_1_16' title="bbox 304 3263 1353 3351">
     <span class='ocr_line' id='line_1_23' title="bbox 304 3263 1353 3351; baseline 0 -21"><span class='ocrx_word' id='word_1_183' title='bbox 304 3271 322 3302; x_wconf 89' lang='lat'>“</span> <span class='ocrx_word' id='word_1_184' title='bbox 342 3267 532 3331; x_wconf 84' lang='lat' dir='ltr'><strong>tenementa</strong></span> <span class='ocrx_word' id='word_1_185' title='bbox 553 3263 717 3332; x_wconf 81' lang='lat' dir='ltr'><strong>dietomnr</strong></span> <span class='ocrx_word' id='word_1_186' title='bbox 739 3265 881 3331; x_wconf 87' lang='lat' dir='ltr'><strong>Abbatis</strong></span> <span class='ocrx_word' id='word_1_187' title='bbox 903 3269 938 3331; x_wconf 91' lang='lat' dir='ltr'><strong>et</strong></span> <span class='ocrx_word' id='word_1_188' title='bbox 961 3263 1152 3332; x_wconf 75' lang='lat' dir='ltr'><strong>Conventus</strong></span> <span class='ocrx_word' id='word_1_189' title='bbox 1179 3287 1221 3330; x_wconf 88' lang='lat' dir='ltr'><strong>ex</strong></span> <span class='ocrx_word' id='word_1_190' title='bbox 1249 3263 1353 3351; x_wconf 82' lang='lat' dir='ltr'><strong>parti-</strong></span> 
     </span>
    </p>

    <p class='ocr_par' dir='ltr' id='par_1_17' title="bbox 303 3365 1353 3448">
     <span class='ocr_line' id='line_1_24' title="bbox 303 3365 1353 3448; baseline -0.002 -14"><span class='ocrx_word' id='word_1_191' title='bbox 303 3367 405 3434; x_wconf 88' lang='lat' dir='ltr'><strong>“bus</strong></span> <span class='ocrx_word' id='word_1_192' title='bbox 427 3365 584 3435; x_wconf 73' lang='lat' dir='ltr'><strong>⁴Boreali</strong></span> <span class='ocrx_word' id='word_1_193' title='bbox 605 3372 640 3434; x_wconf 85' lang='lat' dir='ltr'><strong>et</strong></span> <span class='ocrx_word' id='word_1_194' title='bbox 661 3367 820 3448; x_wconf 81' lang='lat' dir='ltr'><strong>Australi,</strong></span> <span class='ocrx_word' id='word_1_195' title='bbox 844 3371 878 3434; x_wconf 92' lang='lat' dir='ltr'><strong>et</strong></span> <span class='ocrx_word' id='word_1_196' title='bbox 901 3366 1087 3433; x_wconf 85' lang='lat' dir='ltr'><strong>extendunt</strong></span> <span class='ocrx_word' id='word_1_197' title='bbox 1108 3388 1143 3433; x_wconf 89' lang='lat' dir='ltr'><strong>se</strong></span> <span class='ocrx_word' id='word_1_198' title='bbox 1173 3366 1216 3433; x_wconf 90' lang='lat' dir='ltr'><strong>ab</strong></span> <span class='ocrx_word' id='word_1_199' title='bbox 1239 3366 1353 3433; x_wconf 88' lang='lat' dir='ltr'><strong>eodem</strong></span> 
     </span>
    </p>

    <p class='ocr_par' dir='ltr' id='par_1_18' title="bbox 304 3469 1353 3559">
     <span class='ocr_line' id='line_1_25' title="bbox 304 3469 1353 3559; baseline 0 -23"><span class='ocrx_word' id='word_1_200' title='bbox 304 3475 322 3508; x_wconf 86' lang='lat'>“</span> <span class='ocrx_word' id='word_1_201' title='bbox 341 3470 425 3553; x_wconf 87' lang='lat' dir='ltr'><strong>vieo,</strong></span> <span class='ocrx_word' id='word_1_202' title='bbox 458 3493 501 3538; x_wconf 85' lang='lat' dir='ltr'><strong>ex</strong></span> <span class='ocrx_word' id='word_1_203' title='bbox 531 3473 626 3559; x_wconf 84' lang='lat' dir='ltr'><strong>parte</strong></span> <span class='ocrx_word' id='word_1_204' title='bbox 651 3469 823 3551; x_wconf 83' lang='lat' dir='ltr'><strong>Orientali,</strong></span> <span class='ocrx_word' id='word_1_205' title='bbox 844 3491 947 3558; x_wconf 87' lang='lat' dir='ltr'><strong>usque</strong></span> <span class='ocrx_word' id='word_1_206' title='bbox 980 3471 1023 3535; x_wconf 80' lang='lat' dir='ltr'><strong>ed</strong></span> <span class='ocrx_word' id='word_1_207' title='bbox 1056 3491 1188 3536; x_wconf 89' lang='lat' dir='ltr'><strong>murum</strong></span> <span class='ocrx_word' id='word_1_208' title='bbox 1221 3469 1353 3558; x_wconf 78' lang='lat' dir='ltr'><strong>gardini</strong></span> 
     </span>
    </p>

    <p class='ocr_par' dir='ltr' id='par_1_19' title="bbox 302 3567 1352 3661">
     <span class='ocr_line' id='line_1_26' title="bbox 302 3567 1352 3661; baseline -0.002 -21"><span class='ocrx_word' id='word_1_209' title='bbox 302 3579 322 3610; x_wconf 91' lang='lat'><strong>“</strong></span> <span class='ocrx_word' id='word_1_210' title='bbox 344 3575 521 3640; x_wconf 88' lang='lat' dir='ltr'><strong>eorundem</strong></span> <span class='ocrx_word' id='word_1_211' title='bbox 536 3573 679 3640; x_wconf 78' lang='lat' dir='ltr'><strong>Abbatis</strong></span> <span class='ocrx_word' id='word_1_212' title='bbox 700 3579 735 3640; x_wconf 91' lang='lat' dir='ltr'><strong>et</strong></span> <span class='ocrx_word' id='word_1_213' title='bbox 749 3573 951 3652; x_wconf 81' lang='lat' dir='ltr'><strong>Conventus,</strong></span> <span class='ocrx_word' id='word_1_214' title='bbox 966 3593 1007 3639; x_wconf 88' lang='lat' dir='ltr'><strong>ex</strong></span> <span class='ocrx_word' id='word_1_215' title='bbox 1029 3578 1122 3661; x_wconf 82' lang='lat' dir='ltr'><strong>parte</strong></span> <span class='ocrx_word' id='word_1_216' title='bbox 1138 3567 1352 3640; x_wconf 83' lang='lat' dir='ltr'><strong>Occidentali.</strong></span> 
     </span>
    </p>

    <p class='ocr_par' dir='ltr' id='par_1_20' title="bbox 302 3675 1353 3758">
     <span class='ocr_line' id='line_1_27' title="bbox 302 3675 1353 3758; baseline -0.001 -16"><span class='ocrx_word' id='word_1_217' title='bbox 302 3683 320 3713; x_wconf 77' lang='lat'><strong>‘¹</strong></span> <span class='ocrx_word' id='word_1_218' title='bbox 342 3675 495 3758; x_wconf 80' lang='lat' dir='ltr'><strong>Quatuor</strong></span> <span class='ocrx_word' id='word_1_219' title='bbox 523 3679 716 3744; x_wconf 85' lang='lat' dir='ltr'><strong>tenementa</strong></span> <span class='ocrx_word' id='word_1_220' title='bbox 746 3675 824 3744; x_wconf 92' lang='lat' dir='ltr'><strong>inde</strong></span> <span class='ocrx_word' id='word_1_221' title='bbox 857 3675 956 3742; x_wconf 89' lang='lat' dir='ltr'><strong>simul</strong></span> <span class='ocrx_word' id='word_1_222' title='bbox 986 3675 1157 3743; x_wconf 88' lang='lat' dir='ltr'><strong>situantur</strong></span> <span class='ocrx_word' id='word_1_223' title='bbox 1189 3676 1227 3742; x_wconf 93' lang='lat' dir='ltr'><strong>in</strong></span> <span class='ocrx_word' id='word_1_224' title='bbox 1264 3675 1353 3742; x_wconf 87' lang='lat' dir='ltr'><strong>dieto</strong></span> 
     </span>
    </p>

    <p class='ocr_par' dir='ltr' id='par_1_21' title="bbox 303 3777 1354 3862">
     <span class='ocr_line' id='line_1_28' title="bbox 303 3777 1354 3862; baseline -0.001 -18"><span class='ocrx_word' id='word_1_225' title='bbox 303 3783 323 3818; x_wconf 85' lang='lat'>“</span> <span class='ocrx_word' id='word_1_226' title='bbox 345 3779 418 3846; x_wconf 85' lang='lat' dir='ltr'><strong>vieo</strong></span> <span class='ocrx_word' id='word_1_227' title='bbox 432 3778 564 3862; x_wconf 88' lang='lat' dir='ltr'><strong>ibidem,</strong></span> <span class='ocrx_word' id='word_1_228' title='bbox 580 3779 668 3846; x_wconf 89' lang='lat' dir='ltr'><strong>inter</strong></span> <span class='ocrx_word' id='word_1_229' title='bbox 681 3783 871 3847; x_wconf 87' lang='lat' dir='ltr'><strong>tensmenta</strong></span> <span class='ocrx_word' id='word_1_230' title='bbox 885 3779 1049 3846; x_wconf 79' lang='lat' dir='ltr'><strong>dictorum</strong></span> <span class='ocrx_word' id='word_1_231' title='bbox 1057 3778 1201 3847; x_wconf 87' lang='lat' dir='ltr'><strong>Abbatis</strong></span> <span class='ocrx_word' id='word_1_232' title='bbox 1216 3783 1251 3844; x_wconf 87' lang='lat' dir='ltr'><strong>et</strong></span> <span class='ocrx_word' id='word_1_233' title='bbox 1266 3777 1354 3845; x_wconf 84' lang='lat' dir='ltr'><strong>Con·</strong></span> 
     </span>
    </p>

    <p class='ocr_par' dir='ltr' id='par_1_22' title="bbox 303 3879 1351 3971">
     <span class='ocr_line' id='line_1_29' title="bbox 303 3879 1351 3971; baseline -0.004 -24"><span class='ocrx_word' id='word_1_234' title='bbox 303 3887 320 3917; x_wconf 90' lang='lat'><strong><em>“</em></strong></span> <span class='ocrx_word' id='word_1_235' title='bbox 341 3887 470 3966; x_wconf 88' lang='lat' dir='ltr'><strong>ventus,</strong></span> <span class='ocrx_word' id='word_1_236' title='bbox 494 3903 537 3950; x_wconf 88' lang='lat' dir='ltr'><strong>ex</strong></span> <span class='ocrx_word' id='word_1_237' title='bbox 566 3887 662 3971; x_wconf 86' lang='lat' dir='ltr'><strong>perte</strong></span> <span class='ocrx_word' id='word_1_238' title='bbox 683 3881 842 3964; x_wconf 85' lang='lat' dir='ltr'><strong>Australi,</strong></span> <span class='ocrx_word' id='word_1_239' title='bbox 864 3887 900 3949; x_wconf 88' lang='lat' dir='ltr'><strong>et</strong></span> <span class='ocrx_word' id='word_1_240' title='bbox 929 3885 1157 3949; x_wconf 88' lang='lat' dir='ltr'><strong>tenementum</strong></span> <span class='ocrx_word' id='word_1_241' title='bbox 1182 3879 1351 3969; x_wconf 87' lang='lat' dir='ltr'><strong>pertinens</strong></span> 
     </span>
    </p>

    <p class='ocr_par' dir='ltr' id='par_1_23' title="bbox 302 3979 1350 4073">
     <span class='ocr_line' id='line_1_30' title="bbox 302 3979 1350 4073; baseline -0.006 -22"><span class='ocrx_word' id='word_1_242' title='bbox 302 3989 321 4020; x_wconf 87' lang='lat'>“</span> <span class='ocrx_word' id='word_1_243' title='bbox 343 3984 532 4072; x_wconf 82' lang='lat' dir='ltr'><strong>Praepositis</strong></span> <span class='ocrx_word' id='word_1_244' title='bbox 554 3983 696 4073; x_wconf 81' lang='lat' dir='ltr'><strong>Oepellae</strong></span> <span class='ocrx_word' id='word_1_245' title='bbox 719 3985 878 4052; x_wconf 87' lang='lat' dir='ltr'><strong>Omnium</strong></span> <span class='ocrx_word' id='word_1_246' title='bbox 892 3982 1099 4064; x_wconf 86' lang='lat' dir='ltr'><strong>Animarum,</strong></span> <span class='ocrx_word' id='word_1_247' title='bbox 1125 3981 1215 4049; x_wconf 82' lang='lat' dir='ltr'><strong>inira</strong></span> <span class='ocrx_word' id='word_1_248' title='bbox 1235 3979 1350 4046; x_wconf 85' lang='lat' dir='ltr'><strong>villam</strong></span> 
     </span>
    </p>

    <p class='ocr_par' dir='ltr' id='par_1_24' title="bbox 301 4083 1354 4176">
     <span class='ocr_line' id='line_1_31' title="bbox 301 4083 1354 4176; baseline -0.006 -22"><span class='ocrx_word' id='word_1_249' title='bbox 301 4091 320 4123; x_wconf 92' lang='lat'>“</span> <span class='ocrx_word' id='word_1_250' title='bbox 340 4087 531 4174; x_wconf 72' lang='lat' dir='ltr'><strong>predictum</strong></span> <span class='ocrx_word' id='word_1_251' title='bbox 546 4085 727 4171; x_wconf 57' lang='lat' dir='ltr'><strong>‘trudeim</strong></span> <span class='ocrx_word' id='word_1_252' title='bbox 749 4109 792 4154; x_wconf 82' lang='lat' dir='ltr'><strong>ex</strong></span> <span class='ocrx_word' id='word_1_253' title='bbox 816 4091 911 4176; x_wconf 85' lang='lat' dir='ltr'><strong>perte</strong></span> <span class='ocrx_word' id='word_1_254' title='bbox 925 4083 1087 4168; x_wconf 86' lang='lat' dir='ltr'><strong>⁴Boresli,</strong></span> <span class='ocrx_word' id='word_1_255' title='bbox 1111 4091 1147 4152; x_wconf 88' lang='lat' dir='ltr'><strong>et</strong></span> <span class='ocrx_word' id='word_1_256' title='bbox 1167 4084 1354 4152; x_wconf 90' lang='lat' dir='ltr'><strong>extendunt</strong></span> 
     </span>
    </p>

    <p class='ocr_par' dir='ltr' id='par_1_25' title="bbox 301 4186 1353 4279">
     <span class='ocr_line' id='line_1_32' title="bbox 301 4186 1353 4279; baseline -0.002 -23"><span class='ocrx_word' id='word_1_257' title='bbox 301 4196 375 4256; x_wconf 90' lang='lat' dir='ltr'><strong>“se</strong></span> <span class='ocrx_word' id='word_1_258' title='bbox 397 4212 419 4256; x_wconf 87' lang='lat' dir='ltr'><strong>a</strong></span> <span class='ocrx_word' id='word_1_259' title='bbox 440 4191 514 4258; x_wconf 85' lang='lat' dir='ltr'><strong>vieo</strong></span> <span class='ocrx_word' id='word_1_260' title='bbox 536 4191 694 4279; x_wconf 77' lang='lat' dir='ltr'><strong>praedieto</strong></span> <span class='ocrx_word' id='word_1_261' title='bbox 716 4190 886 4278; x_wconf 87' lang='lat' dir='ltr'><strong>usquead</strong></span> <span class='ocrx_word' id='word_1_262' title='bbox 908 4189 1033 4257; x_wconf 85' lang='lat' dir='ltr'><strong>dietum</strong></span> <span class='ocrx_word' id='word_1_263' title='bbox 1061 4211 1192 4255; x_wconf 89' lang='lat' dir='ltr'><strong>murum</strong></span> <span class='ocrx_word' id='word_1_264' title='bbox 1221 4186 1353 4275; x_wconf 79' lang='lat' dir='ltr'><strong>gardini</strong></span> 
     </span>
    </p>

    <p class='ocr_par' dir='ltr' id='par_1_26' title="bbox 300 4291 1355 4485">
     <span class='ocr_line' id='line_1_33' title="bbox 300 4291 1353 4381; baseline -0.003 -21"><span class='ocrx_word' id='word_1_265' title='bbox 300 4299 321 4330; x_wconf 90' lang='lat'><strong>“</strong></span> <span class='ocrx_word' id='word_1_266' title='bbox 342 4293 500 4381; x_wconf 82' lang='lat' dir='ltr'><strong>preedieti.</strong></span> <span class='ocrx_word' id='word_1_267' title='bbox 557 4293 710 4381; x_wconf 85' lang='lat' dir='ltr'><strong>Quinque</strong></span> <span class='ocrx_word' id='word_1_268' title='bbox 747 4315 826 4360; x_wconf 87' lang='lat' dir='ltr'><strong>vero</strong></span> <span class='ocrx_word' id='word_1_269' title='bbox 869 4297 1061 4361; x_wconf 89' lang='lat' dir='ltr'><strong>tenementa</strong></span> <span class='ocrx_word' id='word_1_270' title='bbox 1107 4291 1206 4359; x_wconf 87' lang='lat' dir='ltr'><strong>simul</strong></span> <span class='ocrx_word' id='word_1_271' title='bbox 1239 4291 1353 4377; x_wconf 84' lang='lat' dir='ltr'><strong>jaeent</strong></span> 
     </span>
     <span class='ocr_line' id='line_1_34' title="bbox 300 4391 1355 4485; baseline -0.001 -24"><span class='ocrx_word' id='word_1_272' title='bbox 300 4396 463 4464; x_wconf 83' lang='lat' dir='ltr'><strong>“ibidem</strong></span> <span class='ocrx_word' id='word_1_273' title='bbox 484 4397 522 4464; x_wconf 90' lang='lat' dir='ltr'><strong>in</strong></span> <span class='ocrx_word' id='word_1_274' title='bbox 543 4397 617 4464; x_wconf 85' lang='lat' dir='ltr'><strong>vieo</strong></span> <span class='ocrx_word' id='word_1_275' title='bbox 639 4396 806 4485; x_wconf 80' lang='lat' dir='ltr'><strong>praedicto,</strong></span> <span class='ocrx_word' id='word_1_276' title='bbox 828 4397 916 4464; x_wconf 88' lang='lat' dir='ltr'><strong>inter</strong></span> <span class='ocrx_word' id='word_1_277' title='bbox 937 4401 1165 4464; x_wconf 89' lang='lat' dir='ltr'><strong>tenementum</strong></span> <span class='ocrx_word' id='word_1_278' title='bbox 1187 4391 1355 4483; x_wconf 85' lang='lat' dir='ltr'><strong>pertinens</strong></span> 
     </span>
    </p>
   </div>
   <div class='ocr_carea' id='block_1_3' title="bbox 301 4629 1357 4937">
    <p class='ocr_par' dir='ltr' id='par_1_27' title="bbox 332 4629 1357 4770">
     <span class='ocr_line' id='line_1_35' title="bbox 334 4629 1357 4700; baseline 0.001 -18"><span class='ocrx_word' id='word_1_279' title='bbox 334 4630 633 4699; x_wconf 69' lang='lat' dir='ltr'><strong>¹irrperpetuuinMS.</strong></span> <span class='ocrx_word' id='word_1_280' title='bbox 885 4631 1022 4684; x_wconf 84' lang='lat' dir='ltr'><strong>³Inserted</strong></span> <span class='ocrx_word' id='word_1_281' title='bbox 1048 4629 1075 4682; x_wconf 88' lang='lat' dir='ltr'><strong>in</strong></span> <span class='ocrx_word' id='word_1_282' title='bbox 1097 4632 1140 4684; x_wconf 85' lang='lat' dir='ltr'><strong>the</strong></span> <span class='ocrx_word' id='word_1_283' title='bbox 1163 4630 1269 4700; x_wconf 72' lang='lat' dir='ltr'><strong>margin,</strong></span> <span class='ocrx_word' id='word_1_284' title='bbox 1291 4630 1357 4684; x_wconf 77' lang='lat' dir='ltr'><strong>inu</strong></span> 
     </span>
     <span class='ocr_line' id='line_1_36' title="bbox 332 4709 1149 4770; baseline 0.002 -8"><span class='ocrx_word' id='word_1_285' title='bbox 332 4711 388 4762; x_wconf 69' lang='lat' dir='ltr'><strong>&#39;Iu</strong></span> <span class='ocrx_word' id='word_1_286' title='bbox 405 4711 464 4762; x_wconf 76' lang='lat' dir='ltr'><strong>vita</strong></span> <span class='ocrx_word' id='word_1_287' title='bbox 485 4711 572 4762; x_wconf 78' lang='lat' dir='ltr'><strong>Sancti</strong></span> <span class='ocrx_word' id='word_1_288' title='bbox 589 4709 681 4762; x_wconf 75' lang='lat' dir='ltr'><strong>Altaur&#39;</strong></span> <span class='ocrx_word' id='word_1_289' title='bbox 690 4711 801 4770; x_wconf 65' lang='lat' dir='ltr'><strong>s-Mar·</strong></span> <span class='ocrx_word' id='word_1_290' title='bbox 853 4710 1149 4764; x_wconf 74' lang='lat' dir='ltr'><strong>somewhatlaterhnnd.</strong></span> 
     </span>
    </p>

    <p class='ocr_par' dir='ltr' id='par_1_28' title="bbox 301 4790 1119 4860">
     <span class='ocr_line' id='line_1_37' title="bbox 301 4790 1119 4860; baseline -0.002 -15"><span class='ocrx_word' id='word_1_291' title='bbox 301 4793 370 4860; x_wconf 69' lang='lat' dir='ltr'><strong>ffinal</strong></span> <span class='ocrx_word' id='word_1_292' title='bbox 388 4793 464 4855; x_wconf 79' lang='lat' dir='ltr'><strong>Note,</strong></span> <span class='ocrx_word' id='word_1_293' title='bbox 483 4791 510 4844; x_wconf 92' lang='lat' dir='ltr'><strong>in</strong></span> <span class='ocrx_word' id='word_1_294' title='bbox 531 4793 575 4844; x_wconf 80' lang='lat' dir='ltr'><strong>the</strong></span> <span class='ocrx_word' id='word_1_295' title='bbox 595 4791 663 4845; x_wconf 79' lang='lat' dir='ltr'><strong>bend</strong></span> <span class='ocrx_word' id='word_1_296' title='bbox 685 4791 715 4844; x_wconf 80' lang='lat' dir='ltr'><strong>of</strong></span> <span class='ocrx_word' id='word_1_297' title='bbox 733 4791 803 4844; x_wconf 71' lang='lat' dir='ltr'><strong>Irord</strong></span> <span class='ocrx_word' id='word_1_298' title='bbox 885 4790 1050 4843; x_wconf 74' lang='lat' dir='ltr'><strong>⁴Bm=iulilu</strong></span> <span class='ocrx_word' id='word_1_299' title='bbox 1061 4792 1119 4845; x_wconf 82' lang='lat' dir='ltr'><strong>MS.</strong></span> 
     </span>
    </p>

    <p class='ocr_par' dir='ltr' id='par_1_29' title="bbox 301 4870 1147 4937">
     <span class='ocr_line' id='line_1_38' title="bbox 301 4870 1147 4937; baseline -0.004 -11"><span class='ocrx_word' id='word_1_300' title='bbox 301 4873 415 4927; x_wconf 75' lang='lat' dir='ltr'><strong>wtien</strong></span> <span class='ocrx_word' id='word_1_301' title='bbox 424 4873 545 4925; x_wconf 71' lang='lat' dir='ltr'><strong>novum</strong></span> <span class='ocrx_word' id='word_1_302' title='bbox 886 4870 1147 4937; x_wconf 74' lang='lat' dir='ltr'><strong>lsundatumlnMS.</strong></span> 
     </span>
    </p>
   </div>
   <div class='ocr_carea' id='block_1_4' title="bbox 1156 4956 1223 5018">
    <p class='ocr_par' dir='ltr' id='par_1_30' title="bbox 1156 4956 1223 5018">
     <span class='ocr_line' id='line_1_39' title="bbox 1156 4956 1223 5018; baseline -0.03 0"><span class='ocrx_word' id='word_1_303' title='bbox 1156 4956 1223 5018; x_wconf 69' lang='grc' dir='ltr'><strong>οἳ</strong></span> 
     </span>
    </p>
   </div>
   <div class='ocr_carea' id='block_1_5' title="bbox 0 0 1798 5831">
    <p class='ocr_par' dir='ltr' id='par_1_31' title="bbox 0 0 1798 5831">
     <span class='ocr_line' id='line_1_40' title="bbox 0 0 1798 5831; baseline 0 0"><span class='ocrx_word' id='word_1_304' title='bbox 0 0 1798 5831; x_wconf 95' lang='lat' dir='ltr'><strong> </strong></span> 
     </span>
    </p>
   </div>
  </div>
 </body>
</html>
