3560 5838
465 869 531 934 460
853 889 1032 940 sernum
1055 875 1116 960 (n).

506 1070 601 1152 Item,
637 1072 806 1140 ordinavit
842 1075 1007 1162 primitus,
1041 1082 1081 1143 ut
1123 1083 1294 1144 coenarent
1326 1076 1443 1144 fratres
1476 1079 1512 1144 in

462 1172 644 1242 Refectorio
681 1177 885 1264 temporibus
917 1177 1102 1246 Dominieae
1132 1177 1341 1260 Nativitatis,
1379 1186 1514 1268 propter

460 1273 608 1342 laborem
630 1277 793 1357 habitum,
810 1285 842 1346 et
865 1279 907 1346 ob
931 1285 1037 1347 tantae
1061 1281 1281 1348 reverentiam
1296 1283 1511 1350 Festivitatia
1622 1273 1625 1282 ⁴

461 1376 507 1444 Et
533 1400 592 1466 pro
623 1379 687 1444 hiis
716 1379 869 1446 omnibus
898 1383 1135 1469 supportandis
1165 1383 1319 1450 oneribus
1350 1385 1512 1451 limitavit

461 1481 625 1566 pecunias,
646 1481 684 1547 in
706 1487 882 1570 perpetuas
901 1505 1014 1550 eorum
1036 1485 1311 1554 continuationes.

505 1581 602 1662 Item,
626 1583 795 1650 ordinavit
816 1585 978 1672 primitus,
1001 1588 1100 1652 utin
1131 1587 1381 1675 septuagesima
1402 1609 1510 1656 vasae·
1556 1611 1561 1624 ·

460 1691 576 1751 rentur
590 1685 707 1753 fratres
722 1687 884 1769 carnibus,
895 1695 939 1770 et,
950 1689 987 1754 in
1001 1710 1244 1776 recompensam
1257 1691 1511 1778 dispensationis

460 1787 557 1866 illius,
579 1789 777 1876 supplicavit
800 1789 936 1856 Summo
959 1791 1121 1870 Pontifici,
1138 1797 1177 1858 ut
1199 1799 1371 1857 servarent
1393 1792 1511 1860 fratres

459 1888 510 1953 illi
527 1888 693 1976 jejunium
715 1891 751 1957 in
766 1891 891 1978 Vigilie
906 1892 1070 1959 Passionis
1084 1891 1362 1981 ¹Protomertyria
1376 1894 1510 1972 Albani,

459 1991 495 2055 in
518 1991 623 2058 forme
645 2015 711 2080 que
732 1994 816 2060 solet
837 1993 880 2058 ab
906 1994 986 2082 ipsis
1015 1996 1052 2060 in
1074 1994 1149 2061 aliis
1172 1996 1303 2082 Vigiliis
1331 1994 1510 2082 majoribus

459 2093 632 2162 observari.

505 2195 602 2274 Item,
633 2197 827 2285 impetravit
858 2199 1012 2285 primitus
1044 2199 1188 2265 Litteras
1221 2203 1397 2286 perpetuas
1419 2203 1509 2287 Apo-

459 2298 596 2377 stolioas,
620 2300 740 2385 quibu's
762 2300 911 2365 valerent
933 2301 1051 2367 fratres
1073 2301 1173 2367 libere
1195 2306 1264 2367 tum
1287 2299 1400 2388 ²apud
1423 2302 1508 2368 Lon-

459 2399 582 2480 donias,
598 2423 696 2487 quam
721 2401 820 2466 stiam
842 2403 930 2488 apud
953 2401 1108 2482 Oxonias,
1132 2402 1225 2468 nulla
1246 2403 1353 2490 petita
1375 2403 1508 2469 lieentia

458 2501 502 2568 ab
524 2502 701 2590 Episoopis,
725 2503 761 2568 in
783 2503 851 2568 suis
873 2504 1023 2590 hospitiis
1046 2504 1217 2570 celebrare.

503 2603 598 2683 Item,
629 2604 822 2692 impetravit
859 2606 1014 2692 primitus
1044 2605 1187 2672 Litteras
1225 2607 1431 2692 Apostolieas
1460 2607 1505 2672 ef-

456 2705 621 2787 feotusles,
637 2708 763 2772 virtute
786 2727 925 2792 quarum
947 2712 1083 2793 possent
1105 2706 1252 2774 offioierii
1266 2707 1393 2774 fruetus
1407 2708 1507 2774 eoele-

457 2808 605 2876 siastioos
626 2809 719 2875 laicis
740 2808 783 2874 ad
807 2807 936 2873 firmam
960 2808 1148 2888 dimittere3
1170 2809 1336 2895 libereque
1357 2809 1507 2875 valerent

457 2911 523 2997 ipsi
552 2911 636 2993 leioi,
663 2913 788 2997 absque
811 2909 1045 2997 Episcoporum
1069 2911 1285 2996 impetitione,
1311 2913 1399 2998 ipsos
1424 2913 1505 2979 mei-

456 3035 531 3100 pere
560 3015 695 3090 fruetus,
725 3014 762 3076 in
789 3012 1004 3099 manibusque
1035 3018 1156 3080 tenere.
1201 3013 1247 3078 Et
1279 3012 1364 3080 eirea
1386 3012 1505 3078 hesum

455 3115 650 3194 litterarum,
689 3114 759 3182 sive
805 3113 984 3192 Bullarum,
1018 3115 1274 3202 impetrationes,
1312 3114 1504 3200 expendisse

456 3216 562 3284 fertur
584 3218 672 3284 ultre
694 3217 817 3305 viginti
838 3216 948 3283 libras.

501 3319 597 3399 Item,
623 3321 712 3387 idem
734 3319 857 3398 Abbes‚
880 3319 948 3384 suis
969 3319 1006 3383 in
1029 3319 1241 3404 temporibus,
1263 3318 1422 3404 placitum
1445 3319 1503 3383 ha

455 3420 530 3486 buit
552 3444 658 3488 unum
681 3443 755 3488 oum
770 3421 909 3486 Rectore
932 3421 972 3486 de
996 3420 1164 3507 Horpolle‚
1181 3427 1314 3508 propter
1328 3421 1500 3508 eujusdam

456 3543 575 3588 annum
601 3523 767 3609 pensionis
788 3523 1044 3602 retractionem
1077 3522 1165 3608 quod
1187 3530 1257 3588 tam
1286 3522 1502 3589 effectualiter

453 3624 562 3690 fueret
576 3629 775 3711 prosecutus,
796 3631 835 3690 ut
857 3630 1029 3712 cogeretur
1052 3624 1172 3690 Reotor
1194 3624 1327 3690 demum
1349 3625 1501 3691 aoeedere

454 3724 498 3790 ad
514 3724 647 3792 Curiam
670 3725 891 3812 Spiritualem,
908 3726 1020 3813 ibique
1042 3747 1140 3812 quam
1156 3747 1176 3790 a
1191 3726 1357 3792 sententia
1379 3727 1500 3792 feeerat

454 3827 633 3894 diffinitiva
653 3849 816 3908 sevocare,
837 3849 910 3894 eum
933 3827 1084 3906 lacrimis,
1108 3827 1368 3915 appellationem

499 3930 595 4010 Item,
618 3930 774 4018 pleeitum
796 3929 915 3996 habuit
938 3929 1078 3994 alterum
1101 3950 1175 3994 oum
1198 3928 1340 4016 quodem
1367 3929 1500 3998 homine

454 4033 495 4098 de
524 4032 825 4120 Rykmersworthe,
848 4054 869 4096 a
902 4053 962 4096 sua
992 4028 1094 4096 Ourie
1125 4030 1262 4096 tuitorie
1288 4031 1498 4117 appellsnte;

453 4134 664 4220 quodetiam
686 4141 814 4200 constat
837 4155 911 4199 eum
935 4139 1004 4198 tam
1028 4133 1243 4198 effectualiter
1264 4133 1363 4198 fuisse
1389 4156 1499 4221 prose·

452 4243 575 4316 cutum,
598 4242 638 4302 ut
659 4259 717 4323 per
739 4257 861 4302 annum
892 4241 927 4300 et
957 4234 1098 4322 emplius
1128 4243 1256 4300 teneret
1286 4235 1412 4302 dietum
1442 4243 1499 4321 ap

453 4337 633 4425 pellentem
666 4340 703 4403 in
733 4336 933 4415 carceribus3
970 4342 1006 4401 et
1039 4338 1209 4423 posterius,
1244 4359 1318 4403 oum
1349 4359 1383 4403 se
1420 4339 1497 4404 sub-

452 4440 612 4522 mitteret,
634 4441 677 4505 ad
699 4439 930 4527 poenitentiam
953 4439 1117 4525 publicam
1140 4437 1335 4504 ³coartaret.

485 4727 492 4758 ¹
505 4725 707 4776 Prollomartirls
721 4725 746 4774 in
758 4724 814 4775 MS.
1029 4721 1189 4774 ’ctonrloret
1199 4722 1225 4773 in
1237 4723 1291 4776 MS.

484 4805 566 4870 ’aput
577 4802 603 4853 in
614 4803 670 4856 MS.
