3640 5842
500 857 565 948 398
831 897 1029 948 nmrsrnnu
1051 897 1207 948 isesnn

332 1075 642 1158 hn.1461.“duoti,
678 1083 957 1165 presumpserunt
993 1078 1116 1146 nedum
1153 1077 1361 1146 Dominieam
1397 1079 1545 1146 tunieam

499 1187 517 1214 “
538 1176 717 1262 ¹eeindere,
746 1179 952 1266 'quinimmo
981 1182 1092 1261 etiem,
1115 1204 1213 1270 super
1234 1182 1305 1269 ejus
1326 1186 1453 1249 vestem
1483 1182 1544 1248 im·

498 1282 672 1350 “mittere
700 1289 830 1363 sortem,
853 1305 892 1350 ae
922 1289 1029 1350 totam
1063 1283 1173 1352 dotem
1207 1285 1305 1351 istius
1335 1284 1487 1366 eoeleeiae,
1509 1289 1544 1350 et

499 1389 517 1420 “
538 1386 644 1451 nostri
681 1385 960 1472 ³Protomertyris
990 1386 1236 1474 patrimonium,
1265 1386 1379 1454 taliter
1408 1373 1543 1473 &mque

497 1493 515 1521 ‘¹
536 1485 739 1553 horribiliter
776 1487 925 1574 spoliare,
957 1489 1023 1554 sesi
1059 1489 1138 1555 etilo
1174 1488 1317 1557 hominis
1349 1488 1544 1556 inscribere·

497 1596 515 1623 “
537 1594 595 1655 tur
615 1590 699 1656 illud
720 1589 852 1658 ⁴stae
873 1591 912 1656 in
941 1613 1053 1658 eorum
1075 1591 1170 1658 libris
1178 1597 1244 1658 =-‘
1253 1591 1417 1658 Velooiter
1438 1591 1544 1680 spolia

495 1696 515 1726 “
538 1692 706 1774 ‘detrahe
729 1693 859 1781 citoque
889 1693 1056 1781 praedare.'
1110 1693 1276 1760 Veloeiter
1303 1694 1393 1760 enim
1423 1693 1545 1782 spolia·

495 1800 513 1828 “
534 1795 618 1861 bant
646 1796 765 1877 omnia,
789 1817 865 1882 qnae
886 1801 1003 1862 tenens
1024 1795 1171 1864 habebat
1193 1796 1322 1883 aliquis,
1345 1797 1417 1862 sive
1439 1797 1541 1874 dives,

497 1906 514 1932 “
535 1898 606 1963 sive
627 1898 729 1986 inops,
753 1899 797 1964 ad
818 1901 922 1977 extra
944 1902 1005 1963 aut
1033 1897 1071 1964 in
1091 1897 1249 1986 pecuniis,
1270 1903 1330 1964 eut
1351 1898 1389 1962 in
1420 1897 1544 1986 peeori-

497 2007 514 2033 “
535 2000 607 2079 bus,
648 2006 708 2067 eut
739 2000 777 2065 in
809 1999 976 2086 aliquibus
1009 2001 1207 2083 necessariis,
1241 1999 1312 2067 sive
1345 1999 1543 2066 utensilibus

496 2107 515 2135 “
536 2102 618 2185 aliis,
641 2103 691 2168 ite
713 2102 802 2190 quod
832 2107 907 2190 post
937 2123 972 2168 se
1004 2099 1110 2168 ⁶nihil
1143 2103 1277 2168 omnino
1306 2101 1541 2188 relinquerent,

497 2211 513 2238 “
523 2237 526 2245 ·
535 2205 600 2269 nisi
622 2227 723 2293 grave
737 2204 846 2270 dierat
868 2205 1019 2283 nimium,
1033 2214 1093 2272 aut
1107 2205 1169 2272 tali
1193 2203 1292 2272 modo
1306 2205 1543 2292 qualifieetum,

495 2313 514 2344 “
537 2308 625 2394 quod
653 2308 745 2374 nulla
774 2330 834 2374 sua
859 2312 932 2375 erte
961 2329 1071 2376 seeum
1100 2313 1267 2397 asportare
1293 2308 1449 2376 vulerent
1495 2307 1543 2374 Et

495 2415 514 2444 “
536 2410 643 2477 adhue
664 2411 693 2476 si
716 2411 805 2498 quod
833 2409 901 2477 tale
934 2410 1052 2490 fuerat,
1084 2410 1141 2477 rel
1172 2409 1430 2478 ⁴³eonculoebant
1451 2410 1542 2498 pedi-

495 2520 512 2547 “
535 2513 606 2593 bus,
627 2511 683 2578 vel
705 2514 935 2580 detrectabant
956 2513 1119 2595 manibus,
1141 2512 1203 2593 vel,
1227 2513 1316 2602 quod
1337 2519 1388 2580 eet
1411 2513 1542 2600 turpius

497 2621 515 2650 “
537 2615 654 2694 dicere,
692 2617 760 2682 suis
790 2615 964 2682 foedabant
993 2615 1198 2696 stereoribus,
1223 2623 1258 2683 et
1288 2617 1338 2684 ite
1359 2615 1543 2682 reddebant

495 2725 514 2752 “
536 2717 670 2784 omnino
684 2718 831 2786 inhabile
852 2739 912 2806 pro
932 2741 990 2785 eeu
1005 2718 1186 2798 hominum,
1201 2725 1261 2785 out
1275 2715 1540 2785 'comessatione

496 2821 689 2887 “Velocius
715 2823 816 2888 etiam
843 2820 1064 2888 detrahebant
1104 2821 1200 2887 nobie
1230 2821 1384 2888 omnibus
1413 2819 1469 2887 hie
1497 2819 1539 2886 ed

496 2931 514 2958 “
535 2923 631 3003 infra,
653 2925 856 3012 appellentes
878 2945 939 2990 nos
961 2923 1016 2990 vel
1038 2923 1221 3011 proditores
1243 2923 1353 3011 Regis,
1377 2922 1433 2990 vel
1455 2922 1541 2989 filios

496 3035 513 3060 “
536 3027 738 3110 meretricis.
757 3028 812 3093 vel
845 3026 963 3104 viliori,
998 3047 1064 3113 quo
1095 3026 1159 3112 ipsi
1196 3025 1369 3105 sciverant,
1406 3025 1540 3091 nomine

496 3135 513 3166 ‘⁴
535 3127 768 3196 horridissimas
790 3129 1061 3217 exprobrationis.

541 3243 559 3268 “
569 3233 778 3300 Velooiseime
799 3232 933 3318 insuper
947 3228 1189 3318 praedabantur,
1204 3233 1239 3296 et
1256 3228 1542 3317 depraedabantur,

495 3341 514 3370 “
535 3337 654 3415 omnia,
676 3357 751 3422 quae
780 3333 962 3415 habebatis,
993 3337 1053 3398 aut
1081 3331 1126 3398 ed
1155 3331 1251 3414 infra,
1275 3331 1402 3398 autad
1423 3337 1539 3398 extre:

496 3444 515 3474 “
535 3439 579 3504 ed
600 3438 695 3518 infre,
710 3437 821 3504 autin
835 3435 973 3515 oellerio,
989 3438 1050 3502 aut
1071 3435 1108 3499 in
1125 3435 1286 3522 granario,
1301 3434 1411 3500 autin
1425 3433 1542 3521 uliqui-

495 3546 514 3576 “
537 3540 598 3606 bus
619 3539 694 3606 aliis
709 3539 845 3606 officinis
859 3539 987 3618 vestris,
1002 3559 1062 3625 pro
1084 3537 1263 3604 necessarie
1284 3535 1540 3624 quotidianoque

495 3650 513 3679 “
535 3643 775 3710 sustentatione
795 3647 925 3710 vestra:
948 3639 992 3707 od
1013 3645 1118 3720 extra,
1131 3643 1192 3706 eut
1213 3640 1249 3704 in
1271 3638 1414 3726 prtodiis,
1428 3644 1489 3705 eut
1503 3639 1541 3704 in

494 3753 512 3780 “
533 3747 688 3835 grangiis,
710 3752 770 3813 aut
798 3744 920 3812 alieubi
949 3741 1040 3826 alibi,
1061 3743 1099 3808 in
1120 3748 1233 3810 etauro
1254 3763 1314 3830 pro
1336 3741 1540 3808 exhibitione

494 3857 513 3884 ‘¹
534 3854 652 3930 restra,
675 3854 745 3915 tem
767 3848 809 3915 do
831 3847 995 3936 praesenti,
1026 3867 1123 3934 quern
1147 3846 1248 3912 etiem
1269 3845 1308 3910 in
1329 3845 1451 3912 futuro.
1493 3844 1540 3909 Et

494 3961 512 3988 “
533 3953 583 4020 ite
604 3975 663 4040 pro
685 3973 773 4018 nuno
794 3951 909 4018 taliter
929 3954 998 4016 stet
1019 3949 1090 4016 haeo
1111 3949 1252 4028 eeclesia,
1268 3947 1335 4014 etsi
1349 3945 1540 4036 ⁸projieiens

494 4063 512 4090 “
534 4055 721 4143 projecisset
735 4077 807 4120 eam
822 4053 994 4132 Dominus,
1005 4056 1066 4116 aut
1080 4051 1118 4116 in
1132 4048 1398 4118 ”abominatione
1420 4071 1539 4138 inagna

494 4167 511 4194 “
533 4159 702 4224 habuisset
724 4179 797 4224 eam
831 4155 943 4222 anime
973 4155 1087 4243 ipsius.
1142 4153 1188 4220 Et
1210 4157 1391 4240 propterea,
1413 4151 1540 4232 fratres,

495 4268 513 4298 “
535 4262 613 4328 lieet
634 4281 842 4348 nequequam
871 4257 1040 4344 hueusque
1063 4255 1289 4345 infringantur
1313 4255 1441 4342 lapidee
1471 4277 1540 4321 ma-

527 4529 535 4562 ¹
547 4532 580 4582 In
590 4529 699 4582 allusion
709 4535 737 4579 to
748 4525 818 4578 Luto
828 4543 854 4578 x,
869 4530 910 4577 41.

526 4605 762 4674 'quinynwinhffi

525 4683 857 4741 'Promontoriensis

526 4765 793 4820 *lmiotmii‘asa

526 4846 725 4901 ‘obtulibus-
