3668 5842
425 927 427 933 ,
522 901 695 954 sonsuurs
717 903 1000 954 wnsrnuusrunu
1022 904 1198 956 sconsum.
1319 891 1381 954 255

338 1095 356 1124 “
378 1110 436 1155 seu
451 1090 668 1170 servitiorum,
683 1112 740 1158 seu
762 1091 978 1158 desolatione
1001 1110 1216 1178 expensarum
1237 1087 1382 1154 militum
1394 1095 1463 1149 Ab.
1478 1101 1549 1148 rese.

336 1193 354 1226 “
377 1192 419 1258 ad
434 1192 658 1260 Parliamente
671 1201 784 1260 vestra
798 1194 1012 1276 venientium,
1028 1215 1142 1260 vacum
1164 1193 1241 1272 sint,
1258 1195 1293 1258 et
1307 1190 1380 1257 nul-

338 1299 356 1327 “
377 1293 441 1359 lius
463 1296 605 1364 effectus.
651 1296 749 1376 Item,
774 1297 862 1383 quod
892 1317 1004 1362 omnes
1036 1295 1256 1363 concessiones
1286 1294 1381 1362 faotae

337 1403 355 1430 “
377 1419 435 1482 per
455 1420 522 1478 vos,
545 1421 604 1485 per
625 1398 770 1466 Litteras
793 1404 920 1466 vestras
944 1399 1108 1477 Potentes,
1131 1399 1186 1465 vel
1200 1398 1304 1476 aliter,
1321 1397 1381 1462 ali-

338 1504 356 1533 “
378 1499 428 1566 cui
451 1522 605 1587 personae,
628 1523 686 1568 seu
709 1501 862 1590 personis,
886 1503 927 1568 de
950 1500 1084 1568 essendo
1106 1500 1311 1566 Justiciarios
1343 1499 1383 1566 de

339 1607 357 1635 “
379 1602 488 1670 Banco
510 1610 629 1685 vestro,
652 1605 722 1670 sive
752 1604 793 1670 de
823 1604 998 1671 Communi
1021 1603 1140 1684 Banco,
1159 1601 1252 1668 ‘infra
1277 1609 1382 1668 terras

340 1705 515 1770 “manerii
531 1706 723 1792 Hyberniae,
746 1711 806 1772 aut
829 1706 870 1772 de
892 1705 996 1774 officio
1019 1705 1172 1773 Custodis
1188 1704 1383 1770 Rutulorum

340 1811 359 1838 “
382 1806 592 1876 Cancellariae
625 1813 745 1876 vestrae
776 1808 924 1895 ejusdem
956 1814 1061 1886 terrae,
1094 1829 1207 1874 vacuae
1239 1808 1317 1885 sint,
1350 1810 1384 1872 et

340 1913 357 1942 “
379 1909 503 1976 nullius
517 1911 648 2000 vigoris,
666 1933 771 1998 neque
794 1913 936 1978 effectus.
981 1913 1031 1977 Ac
1046 1911 1156 1992 etiam,
1173 1910 1262 1997 quod
1277 1910 1382 1976 omnis

340 2017 358 2044 “
379 2014 549 2094 concessio,
565 2015 636 2080 sive
650 2013 878 2093 concessiones,
902 2036 960 2101 per
982 2035 1041 2080 vos
1055 2013 1153 2081 factae
1172 2012 1295 2080 1elicui
1311 2033 1384 2100 per·

232 2169 234 2177 .
338 2120 357 2146 “
378 2131 475 2194 sonae,
490 2138 548 2182 eeu
570 2117 723 2204 personis,
739 2117 781 2183 de
801 2116 912 2203 aliquo
934 2115 1038 2184 officio
1061 2116 1115 2183 vel
1139 2115 1260 2196 officiis,
1285 2137 1382 2202 super

339 2221 357 2250 “
380 2238 444 2302 quo
467 2218 521 2284 vel
552 2219 671 2306 quibus
703 2219 833 2284 nullum
867 2240 949 2285 onus
973 2219 1145 2306 dependet,
1169 2240 1229 2286 nec
1255 2217 1383 2304 indiget
1503 2203 1507 2212 ¹

340 2324 358 2353 “
381 2341 449 2386 esse
471 2321 610 2388 actualis
625 2321 783 2401 exercitii,
798 2321 853 2387 vel
875 2322 1105 2408 occupationis,
1120 2343 1234 2388 vacuae
1257 2320 1334 2398 sint,
1350 2325 1385 2386 et

340 2426 358 2455 “
379 2421 503 2488 nullius
524 2423 655 2511 vigoris,
678 2446 785 2511 neque
814 2425 956 2492 effectus.
1001 2425 1051 2490 Ac
1081 2423 1192 2503 etiarn,
1215 2423 1256 2489 de
1277 2423 1387 2489 avisa-

339 2529 357 2558 “
380 2529 499 2606 mento,
522 2547 664 2606 assensu,
686 2537 721 2592 et
754 2526 961 2605 auctoritate,
984 2525 1160 2613 praedictis,
1193 2526 1383 2592 ordinatum

341 2631 415 2692 “et
451 2626 638 2698 stabilitum
665 2630 798 2710 existat,
828 2630 917 2715 quod
950 2627 1108 2715 quaelibet
1140 2649 1286 2714 persona,
1310 2649 1385 2715 quae

340 2728 482 2796 “habet
526 2731 638 2818 aliqua
681 2738 797 2811 castra,
844 2731 997 2809 maneria,
1035 2737 1148 2810 terras,
1186 2735 1384 2812 tenemento,

341 2835 359 2866 “
381 2832 538 2913 redditus,
561 2833 703 2913 servitia,
727 2833 841 2912 officia,
864 2834 1119 2916 commoditates,
1146 2833 1384 2912 advocationes,

342 2941 358 2968 “
381 2936 604 3020 possessiones,
640 2941 698 3002 aut
735 2937 847 3023 aliqua
883 2936 1167 3012 haereditamenta,
1197 2937 1238 3002 de
1272 2941 1384 3001 vestra

341 3041 358 3072 “
380 3039 591 3121 concessione,
615 3061 671 3106 seu
695 3037 963 3118 concessionibus,
990 3038 1027 3102 in
1058 3037 1169 3124 aliquo
1203 3037 1386 3118 excambio,

342 3143 360 3172 “
382 3141 436 3205 vel
464 3141 509 3220 in,
532 3162 590 3206 seu
616 3163 683 3228 pro,
707 3141 819 3226 aliqua
841 3139 1139 3226 recompensatione
1163 3140 1212 3220 de,
1239 3139 1292 3206 vel
1316 3162 1384 3228 pro,

338 3249 356 3274 “
378 3241 542 3328 aliquibus
579 3244 741 3324 maneriis,
772 3243 877 3320 terris,
922 3243 1128 3321 tenementis,
1159 3243 1384 3310 advocationi·

275 3423 278 3429 Α
341 3351 358 3379 “
380 3344 451 3424 bus,
484 3345 748 3433 possessionibus,
780 3367 838 3412 seu
876 3345 1164 3425 haereditamentis,
1195 3347 1297 3425 vobis,
1326 3350 1386 3411 aut

341 3455 358 3481 “
380 3448 477 3514 alicui
499 3448 595 3515 alteri
624 3470 779 3535 personae,
803 3449 874 3514 sive
896 3449 1023 3535 corpori
1046 3455 1225 3535 corporate,
1247 3449 1291 3514 ad
1312 3470 1385 3515 ves·

341 3557 360 3586 “
382 3556 480 3630 trum,
502 3551 556 3617 vel
578 3550 716 3636 alicujus
742 3551 897 3637 ipsorum,
921 3572 1026 3628 usum,
1050 3551 1094 3616 ad
1124 3557 1270 3618 vestrum
1301 3552 1385 3619 desi·

343 3658 361 3688 ‘⁶
384 3653 511 3720 derium
541 3655 612 3720 sive
640 3653 962 3741 contemplationem,
991 3674 1051 3740 pro
1085 3653 1251 3740 aliquibus
1281 3655 1389 3720 reddi-

343 3763 361 3789 “
382 3757 482 3836 tibus,
505 3756 744 3835 annuitatibus,
766 3756 980 3844 pecuniarum
1010 3756 1154 3836 summis,
1179 3760 1238 3822 aut
1263 3779 1306 3836 re,
1330 3756 1388 3843 qui

344 3862 361 3892 “
382 3857 532 3938 fuissent,
554 3881 613 3925 seu
641 3859 827 3946 potuissent
850 3858 923 3945 capi
952 3863 987 3923 et
1008 3856 1135 3937 haberi,
1158 3858 1199 3924 de
1221 3859 1386 3944 aliquibus

343 3962 540 4027 “custumis
566 3961 619 4028 vel
644 3960 802 4027 subsidiis
824 3961 859 4026 in
883 3961 994 4046 aliquo
1017 3967 1174 4048 portuum
1200 3967 1384 4027 vestrorum

343 4071 361 4097 “
381 4064 469 4130 infra
497 4063 559 4130 hoc
587 4084 727 4151 regnum
755 4067 905 4128 vestrum
930 4061 1138 4148 praedictum,
1170 4064 1224 4130 vel
1253 4063 1290 4128 in
1318 4062 1385 4128 fine

346 4173 363 4201 “
384 4166 427 4232 ad
464 4167 642 4254 Receptam
681 4165 840 4233 Scacoarii
877 4165 987 4244 vestri,
1026 4166 1054 4231 si
1088 4165 1218 4231 nullum
1262 4164 1386 4231 donum

342 4276 360 4304 “
382 4268 422 4334 de
452 4268 629 4348 excambio,
651 4289 758 4354 neque
790 4269 1098 4354 recompensatione,
1128 4290 1187 4356 pro
1209 4267 1319 4355 aliqua
1353 4287 1388 4334 re

343 4371 509 4437 “factum
539 4371 660 4452 fuisset,
685 4371 789 4458 possit
817 4371 936 4437 habere
965 4371 1162 4450 immediate,
1193 4375 1229 4436 et
1257 4370 1387 4453 habeat,

344 4479 362 4510 “
384 4475 536 4555 retineat,
552 4474 723 4553 custodiat,
744 4475 857 4552 intret,
880 4479 915 4539 et
939 4474 1083 4561 gaudeat
1108 4473 1247 4561 pacifice,
1263 4473 1387 4560 absque

343 4585 360 4612 “
383 4577 495 4663 aliqua
517 4577 751 4665 prosecutione,
766 4583 827 4642 aut
850 4576 959 4662 aliquo
982 4575 1217 4662 impedimento
1240 4576 1295 4642 vel
1317 4598 1390 4668 per·

342 4687 360 4716 “
382 4681 573 4747 turbatione
601 4679 714 4758 vestri,
744 4678 912 4746 haeredum
938 4681 1132 4760 sesmarum,
1161 4683 1222 4745 aut
1251 4678 1388 4766 alicujus

777 4906 786 4940 ¹
797 4904 864 4958 atsi
873 4905 902 4956 in
912 4905 969 4959 Ma,
