3640 5842
469 895 534 959 396
802 909 1002 960 nnorsrrunr
1024 909 1181 960 mmmm

303 1099 370 1150 nn.
385 1103 457 1153 nor.
512 1093 561 1159 Ae
583 1099 718 1159 vastant
740 1091 875 1181 segetes,
899 1094 972 1161 aliae
995 1115 1114 1160 mnseae
1136 1115 1266 1182 quoqne
1289 1097 1404 1164 multra

513 1195 568 1262 Sic
588 1195 804 1275 advenerunt,
822 1197 945 1263 similes
967 1196 1041 1276 illis,
1065 1196 1224 1275 Boreales,

511 1299 560 1364 Ae
582 1304 800 1364 vastavenmt
821 1303 953 1386 segetes,
977 1304 1013 1364 et
1035 1320 1112 1386 opes
1133 1301 1314 1387 populares,

510 1401 624 1466 Austri
646 1401 757 1466 totius
805 1400 883 1466 Hiis
900 1401 1008 1486 judex
1030 1401 1075 1466 sit
1098 1399 1405 1482 ¹Rhadamanthus,

510 1503 556 1568 Et
578 1503 686 1568 Minos
710 1502 827 1585 Oretae,
850 1503 1043 1589 conjunctus
1066 1503 1114 1570 eis
1136 1501 1350 1591 ²AEaousque,

510 1605 622 1689 Atque
644 1605 777 1669 modum
800 1625 907 1692 poenae
928 1609 1077 1692 pensent,
1100 1603 1182 1672 8eeu
1207 1605 1403 1672 demeruere.

509 1707 577 1772 Vix
599 1705 768 1771 infernalis
790 1727 848 1792 pro
870 1727 969 1793 poena
991 1705 1113 1772 suffieit
1136 1706 1215 1794 ipsis

509 1809 580 1873 Aut
601 1809 701 1888 focus,
724 1813 785 1874 aut
807 1807 925 1887 Furiae,
947 1807 1025 1873 lieet
1047 1815 1157 1874 essent
1178 1809 1310 1896 agmine
1331 1808 1431 1875 mille.

509 1911 596 1975 Gens
618 1920 669 1976 est
692 1908 860 1988 Oerberea
883 1931 963 1996 gens
985 1908 1192 1996 *Sphyngin
1213 1931 1295 1997 gens
1317 1909 1481 1991 ³Brinrea,

511 2011 658 2090 Latratu,
682 2017 790 2098 raptu,
813 2011 909 2098 spolii
932 2011 1116 2100 praedaeque
1139 2019 1267 2078 vocatu

510 2115 597 2179 Laus
619 2113 688 2179 haee
709 2112 781 2179 laus
803 2114 925 2192 Boreae,
947 2113 1017 2179 laus
1040 2119 1091 2179 est
1113 2113 1183 2181 haee
1204 2114 1278 2180 lans
1300 2112 1371 2178 sine
1393 2113 1499 2180 lande

464 2351 641 2417 Proeeseus
663 2369 767 2437 super
788 2349 917 2437 rapido
946 2348 1134 2436 rabidoque
1159 2348 1269 2436 plebia
1298 2348 1514 2436 spermate,

554 2459 583 2518 ot
616 2451 751 2538 potrtoe,
786 2474 850 2538 per
893 2451 985 2518 viros
1022 2449 1184 2530 Boreolea,
1217 2457 1296 2538 post
1333 2449 1513 2518 semum

553 2553 705 2621 luditum
726 2553 768 2620 ab
791 2552 938 2622 exercitu
960 2553 1169 2621 aduersante.

298 2709 353 2760 The
366 2709 454 2761 Abba
510 2679 722 2747 ⁰Recedente
763 2680 907 2747 Domino
945 2681 1034 2768 Rege
1072 2681 1113 2746 de
1151 2679 1354 2746 Monastorio
1400 2702 1514 2748 versus

296 2775 575 2894 ffiffipartes
598 2785 720 2861 Boreae,
746 2783 916 2849 recedente
939 2784 1038 2848 etiam
1062 2789 1097 2848 et
1121 2782 1257 2870 Regina,
1280 2783 1338 2848 sed
1359 2803 1427 2847 non
1448 2783 1514 2849 nisi

297 2909 426 2961 thurisve
465 2909 554 2974 pnus
577 2885 729 2951 nobiliori
753 2886 847 2972 quasi
875 2885 980 2951 totius
1007 2885 1146 2952 eeclesiae
1172 2885 1273 2972 jocali
1296 2893 1513 2963 remunerata,

297 2977 596 3108 ffigffi}‚r000⁸³il
629 2988 742 3074 itaque
771 2986 886 3052 Abbas
917 2987 959 3052 ad
991 2987 1099 3053 locum
1119 2987 1331 3104 solitarium,
1362 2988 1513 3103 solusque

296 3108 389 3158 annis
464 3092 587 3157 ibidem
617 3091 742 3168 sedens,
771 3089 989 3177 deplangebat
1019 3111 1183 3176 propmam
1222 3089 1355 3169 nedum,
1388 3087 1511 3154 ⁷1mmo

161 3217 165 3224 .
296 3175 403 3240 neighbo
433 3203 444 3214 ·
464 3195 573 3275 etiam,
588 3194 692 3258 totius
707 3191 886 3277 adjacentis
900 3191 1027 3276 patriae,
1043 3192 1325 3257 devastationem:
1350 3191 1387 3256 in
1401 3192 1511 3278 planc-

296 3240 370 3292 Μ
463 3301 566 3382 tuque
600 3293 736 3380 spiritns
767 3293 804 3357 in
835 3291 1022 3372 claustrum,
1052 3299 1199 3381 tempore
1229 3293 1448 3380 parliamenti,
1468 3295 1511 3359 ad

463 3419 539 3462 suos
561 3397 679 3461 fratres
710 3393 917 3476 descendens,
939 3415 994 3460 eos
1018 3395 1180 3481 lacrymis,
1202 3417 1261 3482 per
1282 3395 1434 3460 maxillas
1455 3395 1511 3461 de-

463 3499 651 3579 fluentibus,
674 3496 912 3582 alloquebatur,
934 3498 996 3562 sub
1018 3497 1083 3562 hiis
1105 3497 1280 3562 verbis:—

297 3625 393 3676 nean·
509 3600 673 3664 “Fratres
712 3607 746 3664 et
777 3598 965 3676 confratres,
998 3604 1120 3664 nostrre
1153 3595 1370 3664 ⁸miserrimre
1411 3598 1510 3664 sortis

295 3695 392 3745 dresses
407 3693 450 3744 ‘¹¹⁰
463 3709 480 3736 “
502 3702 673 3767 nobiseum
695 3700 1115 3788 comparticipes-rimor,
1136 3721 1234 3786 quem
1250 3699 1377 3764 dudum
1398 3701 1511 3766 timui-

294 3759 411 3878 indidi?
462 3811 479 3838 “
501 3825 583 3883 mus,
604 3802 702 3869 modo
724 3803 845 3883 evenit,
868 3801 1020 3888 quodque
1043 3801 1120 3868 olim
1143 3801 1339 3866 verebamur
1360 3801 1509 3881 nimium,

463 3913 481 3944 “
504 3908 604 3973 etiam
626 3927 686 3993 pro
708 3926 796 3970 nuno
826 3905 952 3970 aeeidit.
998 3904 1183 3969 Timuimus
1216 3905 1340 3969 etenim
1373 3904 1510 3984 dudum,

461 4018 479 4046 “
502 4031 540 4074 ao
562 4009 663 4074 etiam
686 4005 878 4072 verebamur
900 4005 1050 4084 nimium,
1067 4003 1230 4092 quomodo
1254 4011 1379 4092 gentes,
1400 4007 1509 4094 genti·

460 4120 479 4148 “
501 4111 563 4176 bus
593 4109 776 4186 deteriores,
805 4113 930 4195 gentes,
953 4106 1118 4184 videlieet,
1139 4107 1178 4171 de
1209 4106 1360 4193 partibus
1386 4107 1507 4189 Borere,

460 4221 478 4249 “
501 4212 695 4278 advenirent
718 4210 754 4274 in
776 4209 863 4274 hano
893 4209 1121 4275 haereditatem
1143 4207 1363 4287 Dominioam‚
1384 4209 1509 4296 pollue·

460 4325 477 4352 ‘¹
500 4320 640 4400 rentque
670 4311 761 4378 istud
798 4310 958 4398 templum
996 4317 1146 4376 sanetum
1184 4331 1290 4389 suum,
1327 4331 1365 4376 ae
1401 4317 1508 4378 totam

494 4535 791 4590 moderamnus.
1035 4531 1424 4596 ⁰Thefirstletteriaomittedr
1436 4537 1505 4588 tobe

492 4613 767 4680 2ΙιίισὴιωᾳυιίιιΜδ,
1003 4613 1343 4678 suppliedinillumimtion

492 4697 556 4746 ”reu
567 4696 593 4746 in
603 4693 660 4746 MS.
1036 4691 1047 4730 ⁷
1057 4707 1110 4760 ymo
1121 4691 1149 4742 in
1159 4691 1215 4745 Ms.

494 4777 504 4808 ⁴
517 4775 620 4845 Spinpa'n
630 4773 656 4823 in
666 4771 723 4823 MS.
1038 4771 1049 4804 Β
1060 4773 1184 4823 rnirerimoe
1195 4771 1222 4822 in
1234 4771 1290 4824 MS.

492 4857 503 4889 ⁵
515 4853 623 4907 Briaria
633 4852 660 4902 in
672 4851 728 4903 MS.
