3640 5842
451 871 517 937 328
784 887 983 938 nucmrnuu
1004 885 1161 937 lmnrmr

283 1095 353 1149 AD.
367 1099 440 1146 ross.
453 1083 470 1111 “
492 1075 561 1141 fore
597 1075 732 1154 felicem,
767 1075 1007 1154 Collectam,-‘
1023 1073 1160 1153 Inclina,
1199 1072 1350 1152 Domine,
1387 1095 1497 1140 aurem

453 1185 471 1213 “
494 1183 619 1255 ‘tuam,
641 1185 671 1245 et
693 1177 828 1256 eoam:
851 1176 1109 1244 continuandam
1131 1176 1231 1241 simili
1253 1176 1351 1241 modo
1373 1176 1416 1242 ab
1438 1176 1500 1243 hsc

454 1286 471 1314 “
494 1279 575 1345 hora
611 1280 647 1344 in
685 1285 784 1346 antea
821 1300 925 1366 usque
955 1279 992 1343 in
1029 1278 1286 1365 sempiternum
1323 1277 1368 1342 ad
1398 1277 1498 1344 finem

453 1391 470 1417 “
493 1381 594 1460 illum,
617 1389 652 1448 et
674 1382 850 1461 intentum,
873 1381 960 1468 quod
983 1381 1046 1446 etsi
1067 1401 1275 1466 nequaquam
1301 1380 1418 1446 mediis
1440 1385 1500 1446 aut
1561 1395 1564 1402 ·

453 1492 470 1519 “
492 1485 620 1550 meritis
641 1505 852 1571 personarum
874 1483 1119 1562 celebrantium,
1141 1484 1176 1548 vi
1190 1488 1312 1563 tamen,
1328 1483 1450 1570 vigore,
1464 1489 1499 1549 ct

453 1594 472 1622 ‘¹
494 1587 628 1666 virtute,
645 1586 816 1673 1mysterii
837 1587 934 1665 illius,
954 1586 1041 1671 quod
1065 1587 1170 1652 inesse
1192 1586 1298 1651 fertur
1320 1585 1357 1650 in
1381 1584 1500 1663 Missis,

454 1694 471 1724 “
495 1689 650 1776 dignetur
673 1689 831 1754 immensa
845 1688 1019 1754 clementia
1033 1687 1167 1754 Domini
1184 1687 1367 1754 Salvatoris
1381 1687 1500 1752 vestris

454 1791 592 1878 “regiis
626 1790 805 1856 visceribus
834 1789 1022 1876 hujusmodi
1052 1790 1204 1855 affectum
1235 1789 1421 1855 devocionis
1449 1790 1500 1853 in-

455 1902 471 1929 “
494 1894 639 1974 fundere,
663 1899 703 1959 ut
725 1894 832 1979 ipsum
854 1892 891 1957 in
913 1892 1073 1974 omnibus,
1096 1896 1130 1958 et
1152 1913 1249 1978 super
1277 1893 1397 1971 omnia,
1427 1891 1500 1956 dili·

452 2004 472 2032 “
493 2000 617 2082 gentes,
631 1995 860 2082 promissiones
880 2015 961 2072 suas,
978 2016 1053 2081 quae
1075 2015 1171 2059 omne
1192 1993 1390 2059 desiderium
1404 2014 1500 2080 supe·

454 2105 472 2133 “
494 2104 580 2175 rant,
602 2099 756 2184 consequi
777 2097 923 2164 finaliter
936 2097 1081 2162 valeatis
1128 2096 1343 2162 concedimus
1366 2096 1500 2182 insuper

455 2206 473 2237 “
495 2200 601 2280 tertio,
640 2200 810 2286 quomode,
840 2200 931 2265 omni
964 2221 1060 2280 anno,
1090 2197 1127 2262 in
1164 2197 1219 2264 die
1250 2199 1357 2264 Sacra
1387 2197 1500 2264 Coenae

454 2307 471 2336 ‘¹
494 2302 683 2379 Dominicae,
706 2303 743 2366 in
765 2323 832 2387 qua
859 2300 966 2366 solent
995 2321 1160 2387 pauperes,
1182 2320 1242 2385 pro
1272 2297 1501 2385 ²eleemosyna

454 2411 473 2438 “
494 2403 653 2483 habenda,
676 2404 720 2468 ad
757 2403 996 2469 Monasterium
1033 2401 1216 2480 convenire,
1248 2401 1501 2478 introducemus,

455 2514 472 2541 “
494 2507 564 2572 sive
608 2505 775 2571 introduci
811 2505 974 2584 faciemus,
1012 2504 1101 2570 inter
1136 2513 1279 2582 caeteros,
1317 2525 1376 2568 sex
1414 2503 1502 2568 viros

455 2613 473 2642 “
495 2609 710 2694 pauperiores,
733 2607 776 2672 ad
798 2607 977 2674 sedendum
999 2607 1035 2670 in
1059 2610 1170 2671 nostro
1193 2605 1344 2685 claustro,
1367 2610 1402 2672 et
1422 2606 1503 2671 rcci-

455 2718 474 2748 “
497 2711 663 2797 piendum,
701 2715 770 2776 tam
808 2709 844 2774 in
881 2731 966 2795 pene
1003 2714 1039 2774 et
1074 2707 1229 2795 pecuniis,
1260 2728 1359 2793 quam
1401 2708 1500 2774 etiam

455 2821 473 2848 “
495 2813 532 2877 in
562 2813 635 2878 aliis
672 2813 773 2878 variis
811 2811 952 2890 usitatis,
991 2811 1264 2896 quemadmodum
1301 2810 1360 2874 alii
1397 2811 1502 2899 magis

456 2920 474 2951 “
498 2922 631 3002 egentes
652 2937 712 3002 pro
735 2915 901 2980 nobilibus
931 2912 1228 2998 illustrioribusque
1258 2913 1380 2978 nostris
1406 2912 1503 2978 bene·

456 3023 474 3052 “
496 3017 674 3084 factoribus
696 3017 803 3084 solent
824 3017 974 3103 recipcre,
996 3015 1040 3080 ad
1062 3014 1221 3080 orandum
1250 3014 1287 3079 in
1309 3013 1415 3102 specie
1442 3035 1502 3101 pro

456 3123 474 3152 “
495 3141 658 3208 prospero,
689 3119 825 3197 8immo,
855 3117 1110 3206 ‘prosperrimo
1145 3122 1235 3183 statu
1272 3122 1392 3198 vestro,
1423 3116 1501 3182 dum
1589 3121 1594 3130 '

456 3224 668 3311 “continget
697 3228 841 3289 vestram
872 3219 1013 3307 Regiam
1046 3218 1284 3284 Celsitudinem
1310 3219 1504 3284 humanitus

455 3334 474 3360 “
495 3347 682 3412 superesse3
711 3327 786 3411 post
808 3327 953 3388 vestrum
976 3342 1055 3386 vero
1077 3321 1250 3399 decessum,
1273 3341 1379 3407 quem,
1404 3324 1502 3407 prout

457 3435 474 3462 ‘⁴
498 3427 613 3505 adhuc,
636 3427 758 3492 iterum
790 3425 885 3491 flexis
915 3429 1067 3510 optamus
1095 3422 1235 3508 genibus
1260 3422 1330 3489 fore
1358 3423 1502 3488 felicissi-

459 3538 476 3566 “
498 3552 599 3608 mum,
621 3529 664 3594 ad
687 3528 854 3606 orandum,
870 3547 908 3592 uc
930 3527 1031 3592 ctiam
1054 3525 1302 3612 deprecandum,
1318 3547 1376 3612 pro
1396 3525 1502 3590 salute

458 3638 478 3668 “
500 3635 620 3696 vescrae
642 3630 772 3708 animae,
796 3652 855 3716 pro
878 3629 1045 3716 ipsiusque
1069 3626 1206 3714 Reginae
1227 3632 1353 3692 aetema
1366 3648 1405 3692 ac
1430 3647 1502 3714 per·

458 3740 476 3768 “
499 3737 608 3819 petua,
632 3755 705 3798 cum
731 3732 883 3808 Domino,
905 3729 1155 3818 prosperatione
1201 3727 1416 3794 Concedimus
1445 3727 1504 3794 ad·

458 3843 476 3871 “
499 3837 562 3902 huc
597 3834 741 3915 ulterius,
766 3841 800 3899 et
831 3853 874 3898 ex
897 3829 1202 3919 ⁶superabundanti
1234 3829 1348 3916 magis,
1379 3835 1504 3915 quarto,

457 3945 475 3975 “
499 3937 588 4004 omni
611 3959 697 4002 anno
719 3944 794 4024 post
816 3940 963 4000 vestrum
993 3932 1167 4012 decessum,
1190 3952 1247 4017 per
1275 3931 1417 4016 gratiam
1442 3931 1505 3998 Dei

458 4049 475 4076 “
497 4040 595 4121 illius,
611 4041 670 4127 qui
692 4041 751 4104 dat
774 4039 843 4104 dies
867 4041 902 4102 et
922 4055 1027 4101 anuos
1049 4033 1177 4100 diutius
1199 4032 1426 4112 differendum,
1447 4033 1505 4099 ad·

459 4143 652 4208 “veniente
686 4141 739 4206 die
772 4138 912 4205 obiturio
945 4137 1073 4215 vestro,¹
1095 4157 1231 4215 servare,
1262 4135 1441 4213 observare,
1470 4139 1506 4202 et

460 4252 477 4280 “
499 4265 697 4323 conservare,
727 4243 814 4310 diem
844 4241 938 4306 illum
967 4260 1034 4306 non
1056 4237 1204 4304 inferiori
1232 4237 1440 4304 solemnitate
1469 4237 1506 4302 in

449 4551 451 4554 ·
490 4529 499 4561 ¹
510 4527 611 4579 misterii
621 4526 648 4577 in
658 4525 714 4576 MS.
1037 4520 1047 4553 ⁴
1056 4521 1205 4586 prosperum
1216 4519 1244 4570 in
1254 4518 1312 4571 MS.

489 4608 500 4642 ²
512 4605 674 4658 elemosinaria
687 4602 742 4656 tls.
870 4629 873 4646 ·
1037 4600 1047 4633 ⁶
1058 4597 1284 4666 superhabendum
1293 4598 1321 4649 in
1331 4597 1387 4649 MS.

490 4687 562 4752 ’,νοω
574 4686 601 4735 in
613 4683 670 4737 MS.
