3588 5838
484 903 660 954 sonamus
684 903 970 956 wuarsauarnua
993 907 1171 958 sucosam.
1294 890 1357 962 117

307 1098 326 1125 “
347 1090 442 1157 Prior
463 1097 498 1160 et
531 1093 940 1162 oonfratrea-Reeordati
971 1101 1098 1162 stamus
1120 1096 1218 1162 modo
1241 1095 1357 1162 melius
1367 1095 1436 1149 ΑΒ·
1449 1102 1522 1151 ¹⁴⁵³·

306 1197 325 1227 “
346 1214 444 1280 quam
482 1194 651 1262 stabamus
687 1217 748 1283 per
785 1197 885 1283 prius
930 1191 1163 1277 Reoordamur,
1201 1203 1236 1265 et
1273 1189 1525 1306 boneffiam·

307 1299 325 1328 “
346 1295 525 1376 reoolimus,
547 1290 609 1362 nos
629 1297 751 1365 habere
782 1300 819 1365 in
841 1299 995 1366 thesauro
1023 1300 1114 1366 mille
1144 1321 1270 1368 mareas
1282 1325 1291 1380 ;
1315 1271 1523 1384 dessoffid

308 1404 326 1430 '‘
347 1397 467 1483 quibus
488 1399 641 1466 volumus
662 1406 703 1467 ut
735 1401 987 1491 quadringenta
1009 1425 1127 1472 mareae
1163 1387 1479 1506 'transeantffiflffl

307 1507 326 1532 “
348 1499 390 1564 ad
412 1499 573 1568 faotrrram
589 1503 687 1570 unius
710 1526 840 1592 magnae
854 1526 1032 1594 eampanae,
1055 1505 1099 1572 ad
1113 1505 1354 1573 vitriationem·
1366 1471 1462 1573 ao⁵nov
1472 1472 1518 1574 ai

308 1605 327 1637 ‘¹
349 1622 411 1687 que
433 1603 576 1684 claustri,
599 1627 667 1672 una
696 1627 770 1672 enm
792 1607 896 1695 ipsius
928 1607 1217 1695 pavimentationa
1262 1588 1512 1708 Rffii'ffwriusa

308 1711 326 1739 “
349 1704 451 1771 duam
479 1728 568 1788 voro,
590 1707 751 1788 velumus,
773 1718 810 1776 et
838 1710 1052 1799 praecipimus,
1074 1715 1114 1777 ut
1136 1709 1239 1776 vadat
1272 1710 1356 1776 inte-
1407 1669 1456 1720 φρ

309 1813 327 1841 “
348 1807 483 1893 graliter
513 1809 557 1875 ad
584 1831 679 1876 nsum
701 1816 736 1876 et
758 1811 938 1898 profectum
962 1811 1067 1880 nostri
1098 1811 1296 1891 mooessoris,
1319 1811 1356 1877 in

308 1909 520 1997 “aliqualem
566 1913 848 2000 supportationem
895 1914 948 1980 sui
992 1915 1109 1993 oneris,
1149 1913 1192 1980 ad
1239 1935 1356 1980 manu-

307 2013 592 2100 “tenendumque
621 2020 756 2096 statum,
788 2015 859 2083 sive
890 2017 1032 2095 vultum,
1068 2036 1136 2084 suae
1169 2015 1356 2082 Abbatialis

308 2119 327 2150 ‘⁸
350 2113 531 2202 dignitatis.
592 2116 768 2185 Obfuimus
805 2119 869 2184 sibi
906 2117 941 2184 ia
976 2118 1085 2200 variis,
1117 2117 1260 2186 fatemur
1296 2139 1357 2184 nos

309 2225 326 2251 ‘¹
347 2219 540 2304 expremius,
574 2219 736 2307 praecipue
767 2220 805 2285 in
841 2220 904 2286 hiis
937 2220 1065 2301 tribus3
1096 2219 1133 2285 in
1170 2221 1357 2287 vastatione

308 2327 326 2352 “
347 2320 524 2400 boeoorum,
546 2322 581 2386 iu
606 2321 860 2389 manumissione
882 2321 1080 2400 nativorum,
1102 2326 1138 2388 et
1159 2323 1195 2388 iu
1217 2321 1357 2388 nimium

310 2427 328 2455 “
350 2422 516 2489 diminuta
536 2445 714 2513 granorum
736 2424 933 2512 provisione,
956 2429 1072 2492 eontra
1093 2425 1356 2512 contingentiam

309 2533 327 2558 “
348 2524 574 2606 earistiarnm3
604 2532 640 2593 et
671 2532 843 2615 propterea
874 2527 1037 2605 volumus,
1071 2531 1105 2593 et
1137 2526 1277 2594 firmiter
1305 2526 1357 2592 in-

310 2635 327 2662 “
344 2627 526 2714 jungimus,
540 2633 585 2707 nt,
601 2627 636 2694 iu
651 2627 828 2715 aliqualem
845 2651 1086 2717 reeompensam
1102 2629 1228 2696 lasura
1243 2634 1357 2707 tantae,

309 2735 329 2765 “
350 2728 418 2796 sive
440 2751 598 2813 excessus,
615 2729 719 2798 vadat
740 2731 909 2798 residuum
924 2729 1071 2818 peeuniae
1092 2731 1189 2804 dietae
1211 2731 1357 2818 integra·

311 2837 328 2866 “
350 2830 435 2910 liter,
470 2831 594 2919 absque
631 2833 856 2914 defaloatione,
899 2832 969 2898 sive
1016 2830 1270 2911 abbreviatione,
1314 2830 1358 2896 ad

310 2943 328 2969 “
350 2954 466 3000 manus
487 2934 592 3002 suas.''

355 3035 456 3117 Prior,
480 3037 552 3104 haee
573 3038 676 3105 verba
702 3037 885 3124 Superioris
913 3036 1060 3115 audiam,
1082 3041 1118 3102 et
1145 3033 1285 3102 ultoriam
1314 3033 1355 3100 de
1368 3051 1508 3106 mersor

309 3138 389 3224 ipsis
411 3139 556 3225 pecuniis
577 3139 746 3207 esrtierari
760 3139 956 3218 desiderans,
971 3138 1166 3226 loquebatur
1179 3137 1211 3203 ei
1225 3137 1354 3217 itemm,
1367 3120 1515 3238 fflffge

310 3241 360 3305 ita
381 3240 492 3308 dieens
504 3265 558 3323 ;-
570 3249 587 3278 “
598 3243 708 3324 Pater,
729 3263 789 3307 vos
812 3239 922 3307 dicitis
944 3239 1107 3327 quomodo
1136 3239 1173 3304 in
1202 3238 1354 3305 thesauro
1367 3253 1411 3332 aba
1421 3269 1512 3320 money

310 3351 325 3376 ‘⁴
351 3343 480 3410 habetis
501 3344 592 3412 mille
613 3365 761 3424 mareas3
792 3364 904 3429 quaero
927 3364 948 3407 a
968 3342 1074 3422 vobis,
1097 3343 1126 3408 si
1151 3340 1287 3430 plaeeat,
1311 3333 1397 3406 an¹'·

309 3451 329 3479 ⁴¹
351 3444 425 3510 illas
447 3444 578 3512 habetis
598 3445 635 3511 in
661 3445 765 3525 bursa,
782 3445 900 3543 sivein
924 3444 1106 3533 arreragiis,
1121 3443 1176 3508 vel
1197 3443 1233 3508 in
1255 3464 1356 3508 manu

313 3555 329 3581 “
352 3547 509 3614 debitoris
531 3549 650 3614 ulla?''
696 3547 761 3614 Oui
786 3547 928 3632 ipse‚-“
941 3545 1120 3624 Habemus,
1145 3545 1230 3612 siout
1259 3545 1357 3611 modo

311 3655 329 3684 ‘⁸
351 3649 415 3715 tibi
437 3650 590 3729 diximus,
612 3651 703 3716 mille
733 3670 857 3715 mareas
886 3649 923 3712 in
945 3648 1054 3726 bursa,
1076 3648 1114 3713 iu
1135 3647 1275 3736 pecnnia
1296 3668 1358 3712 nu·

311 3759 329 3786 “
351 3750 507 3818 merata”
551 3753 599 3818 At
621 3749 868 3830 Prion—“Ubi
891 3755 969 3816 sunt
983 3750 1141 3838 pecuniae,
1156 3755 1260 3837 pater,
1274 3749 1356 3829 istm,

309 3860 328 3888 “
350 3855 378 3920 si
400 3854 535 3941 plaoeat,
559 3876 602 3920 au
624 3855 662 3919 ia
684 3874 786 3918 manu
808 3857 921 3918 vestra
949 3852 1087 3938 propria,
1113 3852 1185 3917 sive
1207 3851 1358 3916 custodia

312 3962 330 3991 “
352 3954 514 4024 alienat’'
558 3959 651 4022 Tune
672 3953 795 4033 Abbas,
819 3953 947 4041 erigens
970 3975 1107 4020 manum
1129 3953 1308 4030 deuteron,
1323 3957 1357 4018 et
1372 3969 1527 4021 manabat

311 4058 509 4144 protendens
531 4059 675 4147 digitum
698 4056 841 4122 indicem
856 4077 969 4122 versus
984 4055 1135 4122 Fratrem
1152 4053 1357 4119 Willalmum
1371 4036 1526 4168 ffi'qffg‘ff

313 4159 528 4248 Walingiord,
565 4160 766 4227 Offieiarium
800 4181 897 4224 suum
931 4159 1055 4223 adtuno
1089 4155 1288 4233 Generalam,
1323 4160 1358 4222 et
1371 4119 1485 4248 waliam

315 4261 464 4330 Fratrem
488 4261 647 4328 ibernam
671 4260 896 4349 Walyngford,
918 4282 1014 4326 snum
1038 4257 1251 4346 Capelianum
1273 4256 1356 4322 seni·
1371 4235 1496 4364 gffifi

313 4386 411 4443 orem,
435 4365 550 4431 taliter
571 4364 683 4451 inquit
696 4363 842 4445 ;-“In
865 4361 1015 4428 custodia
1036 4368 1104 4438 tua,
1127 4364 1162 4425 et
1187 4363 1255 4438 tua,
1279 4363 1483 4422 suatmomn

314 4476 331 4502 “
354 4488 467 4534 omnes
482 4465 556 4534 aaa
571 4466 737 4554 pecuniae3
759 4469 794 4532 et
808 4464 845 4530 in
859 4464 1000 4552 quadani
1023 4462 1107 4529 cista
1121 4461 1207 4527 inira
1227 4458 1358 4527 Dormi-
1371 4433 1489 4552 ff?

316 4577 334 4604 “
356 4570 488 4648 terium,
512 4571 548 4635 in
570 4569 640 4635 loeo
667 4589 765 4655 quem
789 4588 848 4635 vos
877 4565 1019 4632 novistis
1048 4563 1174 4644 melius,
1196 4561 1360 4630 eollooata

315 4679 334 4706 “
358 4670 552 4758 Disponatis
569 4671 670 4760 igilur
685 4693 749 4750 eae,
764 4666 1041 4757 quemadmodum
1053 4664 1148 4732 vobis
1162 4665 1261 4733 modo
1275 4665 1361 4730 dixi·

320 4811 553 4822 ...---—--.-..-

716 4871 722 4900 ¹
738 4869 861 4918 marsim
871 4865 897 4917 in
909 4865 965 4917 MS.
