3560 5838
463 899 529 964 454
855 909 1032 959 arrasum
1056 893 1118 979 (n).

462 1089 695 1172 coassumptus
719 1083 833 1149 taliter
855 1105 966 1150 omnes
989 1083 1087 1150 dictae
1109 1082 1250 1150 eeclesiae
1272 1087 1392 1170 patres,
1408 1081 1510 1147 etiam

461 1187 659 1274 praeelectos,
683 1185 817 1252 honoris
840 1183 973 1252 tramite
995 1185 1178 1264 antecessit,
1200 1189 1240 1250 ut
1260 1183 1378 1250 merito
1401 1183 1507 1248 eidem

462 1293 659 1375 coaptentur
688 1286 874 1374 significata
907 1287 1039 1373 pecudis
1061 1293 1096 1352 et
1118 1285 1214 1368 alitis,
1237 1285 1323 1374 agni,
1345 1283 1508 1365 videlicet,

463 1395 498 1456 et
527 1389 670 1476 aquilse3
708 1411 787 1475 quos
826 1390 895 1476 ipse
932 1392 1025 1475 pater
1054 1388 1118 1454 sibi
1151 1386 1297 1474 ¹typice,
1327 1386 1420 1474 qnasi
1446 1407 1507 1473 pro

461 1490 604 1578 quodam
627 1488 788 1578 poematis
810 1487 998 1575 ²mysteri0,
1021 1491 1180 1556 ascribere
1201 1489 1379 1556 consuevit.

508 1593 595 1658 Nam
619 1613 739 1680 agnum
771 1591 836 1657 tria
865 1591 1062 1658 naturaliter
1095 1592 1313 1670 comitantum
1342 1589 1505 1666 videlieet,

462 1717 545 1774 caro,
571 1717 681 1773 cornu,
704 1699 739 1760 et
767 1693 879 1762 vellus.
925 1694 966 1758 In
989 1715 1084 1760 carne
1106 1698 1157 1760 est
1179 1692 1325 1771 dnlced0,
1346 1691 1505 1779 populum

464 1798 646 1878 delectans3
677 1798 714 1862 in
736 1817 845 1878 cornu,
869 1797 978 1862 hostes
1008 1796 1159 1862 discretio
1189 1795 1375 1874 debellans3
1405 1799 1441 1860 et
1470 1793 1508 1858 in

463 1900 582 1966 vellere
605 1904 748 1978 omatus,
772 1921 905 1986 corpora
926 1903 1113 1966 venustans.
1159 1899 1205 1964 Et
1227 1897 1305 1984 quia
1326 1897 1381 1962 bic
1402 1896 1508 1961 Reve-

464 2001 584 2067 rendns
623 2001 720 2066 Pater
751 2000 908 2088 populum
950 2000 1133 2066 delectabat
1177 2021 1273 2066 carne
1321 1998 1507 2078 munditiae,

464 2125 567 2170 cornu
590 2103 793 2170 discretionis
816 2101 1002 2168 debellabat
1025 2102 1134 2168 hostes
1156 2100 1321 2188 nequitias,
1346 2105 1388 2180 et,
1412 2099 1507 2188 quasi

464 2206 584 2272 vellere
606 2205 772 2271 virtutum
794 2205 944 2270 festivius
966 2205 1149 2282 investitus,
1170 2205 1371 2270 venustabat
1392 2208 1508 2268 totum

464 2333 580 2398 corpus
617 2333 685 2376 suae
723 2310 872 2389 ecclesiae,
911 2309 1027 2375 merito
1064 2310 1110 2374 sic
1147 2308 1291 2374 mundus
1328 2309 1364 2374 in
1401 2327 1509 2387 carne,

441 2411 590 2478 ,bellans
623 2413 659 2476 in
692 2411 794 2492 hoste,
813 2433 856 2476 ac
889 2411 1026 2477 festivus
1059 2410 1096 2475 in
1129 2411 1256 2490 vellere,
1279 2414 1371 2478 totus
1405 2432 1511 2497 agnus

464 2513 695 2578 immaculatus
717 2512 849 2600 ¹typice
873 2514 918 2578 sit
940 2513 1055 2592 dictus,
1078 2513 1148 2579 sive
1171 2513 1352 2600 fiffrrativc.

509 2621 654 2686 Rursum
669 2620 775 2686 eidem
789 2622 876 2707 patri
898 2620 935 2684 in
957 2619 1063 2685 tribus
1084 2625 1213 2685 naturas
1228 2618 1322 2685 donis
1337 2617 1506 2707 aptissime

464 2722 587 2809 poterit
626 2723 737 2808 aquila
774 2722 969 2804 convenire;
1006 2721 1167 2799 videlicet,
1201 2721 1303 2786 animi
1339 2720 1507 2808 regimine,

465 2823 557 2889 visus
587 2824 744 2900 acumine,
767 2829 802 2889 et
833 2823 959 2888 alarum
988 2823 1169 2890 libramine.
1216 2823 1258 2887 In
1288 2823 1391 2887 animi
1420 2823 1505 2910 regi-

466 2927 554 2992 mine
578 2932 627 2992 est
657 2927 791 2994 rectoris
824 2927 987 3005 nobilitas,
1011 2927 1047 2990 in
1080 2927 1171 2991 visus
1202 2925 1351 2992 acumina
1383 2945 1499 2991 sensus

464 3029 643 3109 subtilitas,
666 3034 700 3094 et
721 3029 758 3093 in
787 3029 911 3094 alarum
933 3028 1107 3095 libramine
1129 3028 1316 3116 praecellens
1349 3027 1508 3095 arduitas.

467 3129 513 3195 Et
535 3131 612 3218 quia
634 3131 686 3196 hic
708 3131 918 3197 Reverendus
940 3131 1039 3197 Pater
1060 3152 1192 3218 gregem
1207 3131 1271 3196 sibi
1286 3131 1502 3210 commissum,

466 3237 506 3297 nt
528 3233 648 3298 nobilis
670 3233 878 3320 gubernator,
902 3233 1024 3320 optime
1048 3233 1144 3312 rexit,
1168 3238 1208 3298 ut
1231 3232 1392 3299 excellens
1418 3233 1512 3300 theo·

466 3333 559 3422 logus
581 3337 618 3398 in
640 3335 764 3401 fontem
788 3335 933 3400 Deitatis
959 3335 1126 3400 subtiliter
1147 3335 1321 3422 perspexit,
1346 3357 1384 3402 aa
1406 3336 1510 3402 ardua

467 3436 688 3522 praecellenter
710 3437 958 3524 contemplando
980 3438 1016 3501 in
1038 3435 1177 3502 8divina
1198 3437 1340 3504 ⁴aroana
1365 3437 1510 3506 vicinius

466 3557 500 3600 se
523 3542 632 3603 totum
655 3539 790 3616 evexit3
819 3539 866 3604 sic
895 3539 1018 3626 optime
1040 3541 1189 3627 regendo,
1212 3540 1426 3606 subtilissime
1460 3540 1511 3605 vi·

438 3657 441 3664 ’
467 3637 583 3716 dende,
608 3643 642 3704 et
664 3639 823 3706 altissima
845 3642 994 3726 petendo,
1011 3641 1052 3706 fit
1074 3646 1165 3707 totus
1180 3641 1292 3728 aquila
1313 3642 1350 3706 in
1373 3640 1510 3730 ⁵typico

467 3760 573 3818 sensu,
597 3740 762 3827 regimine,
785 3741 860 3807 visu
882 3743 1015 3829 pariter,
1038 3747 1073 3809 et
1095 3743 1218 3812 volatu.

514 3841 683 3922 Praeterea,
714 3843 792 3930 quia
813 3843 868 3910 hic
890 3845 1099 3912 Reverendus
1122 3847 1227 3925 Pater,
1251 3851 1290 3912 ut
1312 3865 1424 3934 agnus,
1450 3847 1510 3912 hu-

468 3943 603 4009 millime
625 3947 712 4012 inter
734 3967 808 4011 suos
839 3951 948 4013 mente
978 3952 1013 4013 et
1042 3970 1174 4035 corpore
1200 3949 1370 4036 peditavit,
1400 3949 1511 4035 gratia

469 4068 651 4134 cooperans,
683 4048 796 4114 volens
833 4049 919 4115 hunc
956 4072 1079 4136 agnum
1109 4051 1192 4116 miro
1222 4051 1511 4117 transmutationis

469 4149 584 4214 ordine
608 4151 644 4213 in
667 4150 808 4236 aquilam
831 4151 1009 4230 transferri,
1031 4153 1137 4217 eidem
1160 4151 1371 4218 exaltationis
1385 4175 1511 4240 pennas

469 4249 604 4316 mirifice
627 4251 820 4338 adaptavit;
844 4257 892 4334 ut,
908 4253 1136 4341 quasiaquila,
1160 4255 1236 4320 visu
1258 4255 1462 4321 discretionis
1477 4258 1513 4322 et

468 4351 522 4416 ala
536 4352 723 4419 intellectus
738 4360 871 4420 moeros
893 4356 1141 4443 supervolitans,
1157 4379 1292 4444 regnum
1318 4363 1353 4423 et
1368 4357 1514 4444 regimen

505 4645 513 4679 ¹
526 4647 598 4712 tipice
610 4647 636 4698 in
647 4649 705 4700 Ms.
1047 4651 1058 4684 ⁴
1070 4649 1180 4704 cretona
1191 4653 1217 4703 in
1227 4653 1282 4705 ΜΒ.

504 4722 515 4756 ¹
526 4727 630 4776 amato
642 4726 669 4777 in
680 4727 736 4780 ΜΒ.
1049 4731 1059 4764 ⁸
1072 4732 1144 4798 tipice
1155 4732 1182 4783 in
1192 4731 1248 4784 MS.

502 4801 516 4836 ⁸
527 4801 607 4855 dicire
619 4805 646 4855 in
657 4805 712 4858 MS.
