3668 5842
448 867 513 934 232
780 879 977 932 eremmon
999 877 1158 930 nasama

279 1072 465 1132 an.1too.“
487 1073 522 1136 et
544 1069 665 1136 eisdem
687 1067 813 1140 Abbeti
834 1072 871 1134 et
892 1066 1087 1145 conventui,
1104 1067 1193 1154 quod
1207 1065 1270 1154 ipsi
1284 1065 1373 1132 idem
1387 1086 1494 1132 mesu·

447 1181 465 1210 “
486 1173 606 1261 egium,
631 1171 701 1238 sive
723 1174 957 1250 tenementum,
980 1174 1015 1237 et
1036 1169 1160 1250 keium,
1187 1191 1262 1235 cum
1292 1167 1494 1236 eisiementis

447 1283 464 1312 “
487 1281 522 1342 ct
543 1275 670 1342 caeteris
693 1274 759 1340 suis
782 1272 994 1361 pertinentiis
1019 1294 1057 1338 ac
1081 1271 1213 1359 juribus
1236 1272 1494 1359 quibuscunque,

447 1387 465 1413 “
488 1377 655 1466 praedictis
678 1376 854 1464 mesuagio,
870 1376 939 1442 sive
960 1379 1158 1454 tenemento,
1183 1379 1218 1440 et
1237 1373 1324 1455 kuic,
1339 1373 1495 1462 quaiiter-

447 1487 618 1566 “cunque
647 1477 900 1565 pertinentibus,
924 1477 964 1544 de
986 1477 1134 1566 praefetis
1164 1475 1340 1566 Radulpho
1370 1480 1406 1542 et
1434 1475 1495 1542 Jo-

447 1590 465 1618 “
488 1582 596 1648 henne
617 1581 760 1668 recipere
782 1579 918 1668 possint,
934 1584 969 1645 et
984 1584 1104 1660 tenere,
1120 1579 1184 1645 sibi
1205 1585 1239 1645 et
1260 1577 1496 1646 sucoeseoribus

449 1683 558 1750 “suis
585 1680 656 1748 ·¹in
693 1686 898 1771 perpetuum
943 1681 1125 1766 ,Similiter
1156 1683 1324 1749 licentiam
1346 1681 1497 1748 dedimus

448 1794 467 1822 “
489 1785 671 1873 specialem,
709 1784 859 1850 nolentes
903 1783 993 1870 quod
1036 1784 1188 1871 praedicti
1225 1783 1420 1873 Radulphus
1460 1790 1496 1849 et

449 1896 467 1925 “
490 1887 670 1968 Johannes,
702 1891 763 1952 eut
793 1885 938 1952 haeredes
963 1886 1024 1965 sui,
1054 1891 1115 1952 aut
1145 1886 1296 1975 prmdicti
1325 1885 1439 1952 Abbas
1460 1890 1496 1951 ct

449 1999 468 2028 ‘⁸
491 1991 691 2071 Conventus,
714 2011 772 2056 ceu
795 2009 989 2056 successores
1011 1989 1072 2068 sui,
1095 1989 1224 2056 rutione
1246 1989 1495 2077 prremissorum,

450 2103 469 2128 “
491 2115 550 2180 per
570 2113 630 2157 nos
652 2090 707 2157 vel
728 2090 875 2158 haeredes
896 2095 1034 2172 nostros,
1057 2089 1275 2170 Justicierios,
1299 2091 1497 2169 Escaetores,

450 2205 467 2231 “
492 2193 715 2274 vicecomites,
759 2192 984 2275 Coronetores,
1030 2200 1091 2260 eut
1136 2194 1218 2260 ulios
1255 2193 1395 2260 ballivos
1438 2216 1497 2260 seu

451 2304 469 2333 “
491 2297 658 2364 ministros
679 2300 808 2362 nostros
831 2317 1050 2383 quoscunque,
1066 2295 1189 2363 futuris
1211 2295 1413 2384 temporibus
1428 2317 1497 2362 mo·

451 2404 470 2434 “
492 2397 640 2479 leetetur,
671 2397 859 2484 impetatur,
888 2397 1093 2485 inquietetur
1121 2398 1157 2463 in
1186 2399 1306 2486 aliquo,
1337 2421 1395 2464 seu
1425 2421 1498 2486 gre·

450 2509 466 2537 “
491 2505 599 2582 vetur,
654 2499 878 2579 molestentur,
926 2500 1139 2587 impetantur,
1186 2501 1415 2588 inquietentur
1461 2501 1498 2566 in

451 2611 468 2639 “
490 2603 611 2689 utiquo,
627 2622 684 2667 seu
706 2607 897 2689 graventur,
920 2601 1056 2668 Stetuto
1072 2603 1113 2668 de
1127 2604 1224 2669 terris
1243 2606 1279 2669 et
1301 2603 1499 2670 tenementis

451 2713 469 2742 “
492 2706 536 2772 ed
558 2725 693 2772 menum
710 2709 876 2770 mortuam
890 2725 958 2770 non
972 2705 1133 2792 ponendis
1147 2705 1239 2772 edito
1254 2726 1320 2771 non
1337 2705 1497 2773 obstante.

452 2815 470 2844 “
496 2808 586 2873 Dum
616 2812 729 2873 tumen
750 2828 809 2893 per
830 2806 1062 2894 inquisitiones
1083 2806 1162 2874 inde
1185 2807 1294 2875 debite
1316 2807 1497 2896 capiendas,

452 2921 469 2948 “
491 2917 526 2979 et
548 2912 584 2977 in
607 2911 842 2978 Cancelluriam
864 2916 1020 2990 nostrum,
1034 2911 1091 2978 vel
1112 2912 1280 2980 haeredum
1302 2918 1497 2993 nostrorum,

451 3022 470 3052 “
492 3015 556 3080 rite
578 3014 802 3094 retomandaa,
825 3019 1028 3101 compertum
1058 3013 1111 3094 sit,
1135 3013 1280 3100 quodid
1302 3014 1373 3082 fieri
1396 3017 1500 3104 possit

451 3124 469 3154 “
491 3116 613 3203 ubsque
643 3112 785 3181 ²dcmnc
815 3137 874 3180 seu
902 3113 1092 3202 praejudicio
1122 3116 1229 3182 nostri
1258 3116 1312 3182 vel
1333 3116 1497 3185 haeredum

452 3225 470 3254 “
493 3222 690 3298 nostrorum,
707 3223 766 3283 aut
792 3217 931 3284 aliorum
954 3237 1228 3304 quorumcunque.
1267 3218 1308 3284 In
1332 3218 1426 3306 cujus
1451 3221 1499 3286 rei

452 3329 469 3356 “
493 3318 957 3400 testimoniumhasLitteras
965 3324 1096 3386 nostras
1106 3320 1179 3386 fieri
1189 3320 1324 3388 fecimus
1335 3321 1499 3392 Potentes.

452 3421 591 3486 “Teste
632 3420 763 3506 meipso,
803 3422 892 3509 apud
936 3421 1273 3501 westmonasterium,
1309 3422 1499 3492 duodecimo

452 3530 471 3560 ‘⁸
494 3523 548 3588 die
579 3521 670 3600 Maii,
693 3543 781 3588 anno
806 3523 901 3610 regni
924 3524 1030 3589 nostri
1052 3524 1217 3590 tricesimo
1247 3524 1500 3612 quurto.”—Per

452 3626 560 3712 ipsum
582 3624 716 3711 Regem,
739 3631 773 3690 ct
795 3625 836 3691 de
851 3625 932 3692 data
952 3625 1110 3713 predicta
1131 3625 1351 3694 'auctoritate
1376 3628 1499 3696 Perlie·

453 3726 566 3804 menti,
581 3731 616 3792 et
636 3746 696 3812 pro
712 3731 837 3813 septem
860 3726 986 3808 marcis,
1010 3731 1152 3814 quotuor
1174 3728 1294 3812 solidis,
1309 3735 1344 3796 et
1358 3737 1500 3818 quatuor

332 3859 336 3880 .
453 3827 605 3907 denariis,
629 3827 745 3894 solutis
766 3829 803 3894 in
825 3829 1024 3918 Hanaperio.

487 4077 785 4144 emmone.
1031 4079 1289 4136 mammenus.

487 4157 717 4225 meminus.
