3668 5842
519 834 693 886 sonemus
714 831 999 884 wnurueusrunn
1021 831 1198 881 cucuron.
1312 817 1376 880 265

333 1020 503 1088 revocavit
538 1021 620 1085 satis
657 1024 804 1086 recenter
845 1018 888 1083 ad
926 1017 1123 1097 memoriam,
1161 1021 1196 1081 et
1236 1016 1380 1096 reduxit,
1394 1021 1462 1072 ml).
1476 1027 1548 1074 1⁴⁵⁷·

334 1123 506 1189 materiam
520 1122 618 1188 'billae
640 1121 738 1201 illiue,
763 1121 804 1186 de
836 1141 902 1206 qua
923 1119 1112 1185 immediate
1135 1120 1175 1185 fit
1198 1119 1323 1184 mentio
1345 1119 1381 1182 in

334 1224 520 1313 premissis,
543 1224 704 1311 qualeque
734 1221 952 1304 commodum,
975 1223 1045 1288 sive
1071 1222 1261 1310 profectum,
1285 1221 1382 1287 amis-

335 1349 412 1393 sura
434 1333 518 1393 esset
532 1325 678 1393 Ecclesia
700 1323 756 1392 ¹in
778 1329 954 1412 posterum,
978 1323 1007 1388 si
1041 1345 1247 1410 nequaquam
1270 1329 1385 1392 contra

337 1429 459 1496 vulnus
473 1433 678 1496 contractum
696 1428 909 1514 adaptaretur
931 1427 1028 1493 citius
1043 1427 1255 1513 emplastrum
1281 1449 1385 1492 unum

338 1532 392 1598 vel
422 1531 573 1611 alterum,
596 1529 886 1618 providereturque
920 1529 957 1593 in
985 1528 1133 1616 proximo
1165 1529 1204 1594 de
1242 1529 1386 1596 remedio
1459 1563 1461 1568 ·

340 1655 481 1718 congruo
504 1639 539 1699 et
561 1631 778 1719 ”opportuno

386 1733 521 1800 Habene
543 1735 655 1821 igitur,
678 1755 720 1798 ex
748 1733 866 1820 gratia,
889 1737 970 1799 tunc
1001 1754 1111 1798 secum
1133 1729 1555 1820 ⁸chirurgioum,11eemrusu

340 1838 376 1902 in
412 1843 483 1902 arte
520 1836 710 1922 hujusmodi
748 1834 1025 1922 emplastrationis
1062 1835 1194 1902 doctum
1228 1837 1318 1914 satis,
1353 1812 1545 1929 eefllffil’

341 1937 538 2004 sufficienter
559 1939 770 2014 instructum,
786 1935 970 2023 quemdam,
993 1936 1156 2017 videlicet,
1172 1939 1290 2018 virum,
1313 1939 1388 2006 soli-
1401 1943 1542 2008 maahish

343 2041 430 2116 dum,
454 2040 638 2128 providum,
654 2044 689 2104 et
710 2044 887 2118 sensatum,
902 2039 943 2104 de
966 2038 1112 2105 Concilio
1128 2039 1263 2107 Domini
1282 2041 1390 2130 Regis,
1401 2011 1430 2060 ¹¹¹
1441 2009 1519 2062 office.

343 2143 435 2208 etin
459 2142 548 2228 regio
571 2141 739 2208 Sceccario
761 2141 998 2227 *occupantem
1020 2140 1128 2208 locum
1151 2164 1218 2208 non
1242 2165 1391 2231 parvum,

345 2267 422 2310 mox
443 2245 552 2330 ipsum
574 2243 618 2309 ad
640 2244 808 2330 privatum
829 2243 1026 2330 colloquium
1049 2245 1164 2323 traxit,
1186 2245 1392 2332 adaperiens-

345 2370 408 2433 que
430 2347 460 2412 ei
484 2346 699 2432 omniaque
722 2345 989 2432 “contingebant
1013 2346 1131 2411 erroris
1153 2347 1223 2413 sive
1246 2348 1392 2416 defectus

346 2449 383 2514 in
405 2449 485 2512 billa
518 2453 710 2534 praenotata,
734 2446 776 2512 de
803 2446 946 2513 remedio
972 2447 1147 2515 sufficienti
1181 2451 1393 2538 concipiendo

347 2551 525 2617 instantius
559 2551 717 2616 exoravit.
776 2549 841 2630 Qui
878 2549 939 2628 vir,
979 2551 1042 2615 sibi
1081 2572 1212 2637 eumque
1250 2554 1394 2620 eoclesiae

347 2653 492 2718 existens
517 2653 660 2717 multum
693 2657 816 2738 gratus,
838 2674 877 2718 ao
908 2652 1009 2716 etiam
1040 2653 1226 2735 benevolus,
1262 2654 1396 2722 licentia

347 2761 486 2842 sumpta,
506 2755 693 2820 Londonias
708 2755 864 2841 perrexit,
885 2753 1028 2840 illucque
1052 2757 1254 2842 perveniens,
1274 2781 1394 2824 novam

348 2857 470 2937 biliam,
493 2856 534 2920 de
556 2877 636 2921 sano
660 2855 896 2941 sufficientique
919 2856 1064 2936 concilio,
1088 2857 1167 2924 fecit
1199 2859 1335 2947 concipi,
1356 2860 1397 2928 de

242 2975 245 2983 '
349 2961 468 3025 minori
491 2967 605 3024 tamen
635 2981 771 3038 summa,
795 2965 927 3046 propter
961 2958 1199 3040 difficultatem,
1222 2962 1264 3027 ob
1298 2962 1397 3049 Regis

349 3062 546 3151 pauperiem,
569 3062 606 3126 in
627 3061 759 3149 negotio
792 3060 1009 3147 expediendi3
1044 3083 1082 3127 ec
1112 3063 1252 3128 ulterius
1273 3065 1308 3129 in
1332 3087 1399 3131 om-

351 3165 449 3231 nibus
478 3165 635 3252 expediri,
667 3185 837 3252 quousque
867 3165 998 3229 veniret
1027 3164 1071 3229 ad
1100 3187 1218 3232 manue
1249 3167 1399 3235 officiarii

351 3268 449 3344 illius,
473 3267 528 3352 qui
553 3266 684 3331 Privati
699 3265 809 3353 sigilli
832 3265 1016 3352 appellatur
1040 3265 1166 3334 Ouetoe.

398 3369 482 3435 Cum
514 3368 585 3455 ipso
617 3369 739 3455 utique,
762 3368 840 3454 quia
865 3368 982 3433 absens
1005 3373 1076 3432 erat
1105 3391 1126 3433 a
1161 3371 1275 3456 patria,
1292 3373 1399 3458 jacuit
1413 3388 1535 3456 Thmugh

353 3493 411 3559 per
433 3477 582 3556 tempora
603 3471 684 3534 eutis
705 3471 812 3557 longa,
836 3491 894 3557 per
917 3471 1004 3550 anni,
1028 3471 1191 3552 videlicet,
1214 3474 1400 3556 dimidium,
1413 3456 1557 3587 ldmon-

354 3579 389 3639 et
403 3573 502 3638 ultra.
534 3572 682 3637 Tandem
696 3577 817 3650 tamen,
833 3572 993 3638 redeunte
1009 3571 1152 3639 Domino
1168 3576 1256 3664 Rege
1271 3577 1312 3643 de
1327 3601 1401 3664 par-
1414 3589 1479 3640 m'mr
1491 3589 1534 3638 the

354 3675 445 3740 tibus
473 3672 667 3738 Borealibus
699 3695 804 3759 usque
834 3673 1029 3755 Londonios,
1056 3681 1256 3764 tenenteque
1278 3679 1402 3746 ibidem
1415 3655 1571 3786 {fflneffy'

354 3797 459 3842 unum
492 3775 616 3862 grande
648 3775 839 3853 Consilium,
863 3797 937 3842 cum
963 3777 1031 3842 suis
1065 3778 1260 3864 proceribus,
1292 3781 1403 3848 favore
1416 3790 1514 3839 lettere

356 3879 458 3966 ipsius
481 3874 618 3943 Domini
639 3877 747 3964 Regia
771 3883 806 3942 et
826 3878 1064 3960 benevolentia,
1088 3881 1242 3966 expedita
1275 3889 1347 3948 eret
1368 3885 1403 3955 iu
1416 3856 1549 3970 ffitffi,

358 3981 519 4058 omnibus,
542 4000 708 4066 quousque
742 3980 871 4045 veniret
893 3979 930 4045 in
953 3979 1187 4047 Cancellariam
1210 3983 1319 4070 ipsius,
1342 3985 1405 4051 ibi·
1419 3985 1571 4039 GreatSeal.

358 4084 507 4170 demque,
530 4080 675 4167 ejusdem
705 4080 841 4146 Domini
869 4081 969 4168 Regis
998 4083 1164 4161 mandato,
1187 4084 1407 4172 sigillarem-

360 4185 439 4273 gillo
474 4184 545 4269 ejus
579 4182 709 4270 Magno,
742 4189 776 4248 et
810 4182 871 4248 sub
902 4183 973 4264 hac,
1008 4206 1082 4270 quae
1116 4185 1271 4273 sequitur,
1303 4187 1407 4255 forma

360 4286 540 4374 approbata
561 4285 711 4364 finaliter,
735 4289 770 4350 et
792 4283 853 4349 ein
868 4291 1063 4373 perpetuum
1086 4288 1331 4356 confirmata.-

397 4625 405 4658 ¹
417 4627 568 4690 imposterum
579 4623 605 4673 in
617 4621 674 4674 MS.
942 4622 954 4653 ⁴
965 4631 1105 4687 orupualem
1115 4623 1142 4674 ln
1153 4625 1209 4677 MS.

397 4703 533 4769 ’aponum
544 4701 571 4752 iu
581 4700 639 4752 MS.
944 4701 955 4734 ³
966 4701 1118 4768 emufirrqcbat
1129 4702 1155 4754 in
1168 4705 1222 4756 MS.

399 4782 568 4847 ’oiraryicum
579 4780 607 4848 in
617 4778 675 4831 ΜΒ.
945 4779 1138 4848 ⁶mpapam
1149 4785 1177 4835 in
1187 4787 1243 4842 MS.
