3560 5838
454 915 520 978 424
788 929 985 982 nsursrsuu
1006 928 1166 982 sanans

453 1107 589 1194 plenius,
622 1115 689 1176 tam
722 1110 759 1176 in
793 1115 882 1177 teoto
919 1134 1018 1199 quam
1050 1111 1151 1178 etiam
1174 1111 1210 1177 in
1245 1112 1356 1192 muris,
1388 1128 1500 1196 super-

404 1227 406 1230 ·
453 1211 646 1300 addiditque
669 1211 957 1300 1plumbationem.
1002 1216 1047 1280 Et
1077 1214 1163 1283 eirca
1191 1215 1316 1280 nudam
1338 1213 1499 1278 facturam

453 1314 569 1380 domus
606 1315 703 1382 istius
739 1317 934 1404 expendisse
969 1316 1083 1395 fertur,
1121 1317 1263 1384 deducta
1298 1313 1501 1390 vitriatione,

452 1417 657 1498 crestatione,
707 1419 934 1505 positioneque
983 1420 1163 1498 desoorum,
1209 1419 1299 1486 ultra
1338 1439 1500 1484 summam

452 1524 585 1585 centum
608 1521 851 1606 quinquaginta
872 1521 1039 1589 librarum.

327 1637 341 1671 ε
416 1651 427 1662 ·
497 1618 616 1700 ²Item,
638 1643 733 1709 opere
756 1623 844 1688 dieto
866 1623 1030 1710 pendente
1053 1625 1089 1690 in
1111 1623 1192 1704 fieri,
1207 1630 1243 1691 ot
1265 1623 1325 1688 vix
1347 1619 1499 1708 semiper·

304 1703 364 1764 ⁰⁹⁸⁶
451 1722 544 1802 fecto,
582 1723 659 1790 feeit
697 1723 876 1810 pistrinum
913 1745 1008 1790 suum
1047 1722 1257 1812 ³antiquum,
1286 1723 1429 1791 lasarum
1462 1729 1498 1790 et

450 1825 629 1906 ruinosum,
660 1825 810 1891 totaliter
834 1826 927 1912 quasi
957 1827 1055 1907 dirui,
1072 1827 1219 1915 erigique
1241 1827 1283 1892 de
1304 1847 1393 1892 novo
1415 1823 1498 1892 alte-

450 1947 534 2005 rum,
567 1949 641 2014 quo,
662 1927 697 1991 in
731 1926 884 2014 opinione
917 1929 1070 2015 plurium,
1104 1950 1173 1995 non
1206 1929 1251 1994 sit
1272 1927 1378 1994 multo
1400 1926 1498 2014 ⁴pul-

449 2029 567 2107 chrius,
583 2013 706 2120 saltem
727 2029 764 2094 in
785 2029 897 2116 aliquo
927 2031 1135 2110 monasterio,
1157 2030 1245 2096 infra
1274 2035 1383 2096 totum
1405 2029 1498 2096 istud

448 2152 593 2218 regnum.
648 2129 695 2196 Et
727 2131 813 2196 eirea
848 2131 1010 2198 facturam
1045 2133 1161 2198 domus
1190 2131 1279 2198 illius
1309 2131 1498 2220 exposuisse

448 2233 562 2310 fertur,
577 2253 635 2318 per
649 2253 766 2298 manus
782 2231 910 2300 Fratris
918 2233 1077 2321 Willelmi
1090 2233 1326 2321 Wadingforde‚
1340 2255 1400 2320 pro
1416 2237 1497 2299 tune

448 2334 605 2402 Offieiarii
626 2335 687 2416 sui,
710 2335 746 2400 in
768 2336 922 2424 pecuniis,
944 2341 1065 2423 praeter
1081 2337 1248 2403 esculenta
1262 2343 1297 2403 et
1312 2336 1495 2424 poculenta,

448 2437 639 2524 diversaque
661 2436 727 2502 alia
758 2459 827 2503 non
849 2443 1049 2526 computata,
1072 2438 1162 2506 ultra
1183 2461 1345 2506 summam
1375 2438 1494 2505 dueen-

447 2543 556 2604 tarum
579 2539 725 2626 quinque
746 2538 914 2606 librarum.

280 2657 337 2709 Tne
347 2660 402 2711 Aa
490 2641 586 2718 Item,
608 2642 780 2708 recordans
804 2643 930 2722 melius,
946 2649 981 2710 et
996 2665 1225 2724 rememorans,
1248 2643 1412 2760 quomodq
1428 2641 1495 2709 diei

279 2725 498 2846 b⁰²„⁸1{h{,¹⁸'⁰⁸1¹1
519 2742 633 2810 vitalis
655 2749 725 2810 tam
748 2766 846 2811 mane
868 2745 1047 2812 transierat
1078 2768 1179 2833 quam
1201 2745 1362 2826 meridies,
1385 2743 1496 2832 sieque

279 2807 350 2910 ιρι
445 2867 529 2932 pene
551 2845 657 2912 finitae
678 2851 774 2912 erant
796 2845 957 2935 Vespera,
981 2847 1068 2934 quod
1101 2847 1244 2915 multum
1278 2847 1452 2936 deprope
1441 2868 1494 2912 ιιι-

446 2953 549 3014 staret
572 2947 787 3036 Completorii
803 2954 942 3037 tempus,
961 2951 1063 3037 ιῇιιεεὶι
1078 2973 1190 3017 voean
1179 2949 1245 3016 sd
1268 2972 1302 3018 se
1317 2948 1494 3037 quemdam

445 3051 555 3116 virum
587 3072 812 3130 marmoreum,
844 3053 1012 3139 sternique
1046 3074 1104 3139 per
1135 3053 1242 3140 ipsum
1264 3053 1329 3119 sibi
1361 3052 1494 3130 lectum,

445 3153 482 3218 in
503 3175 568 3241 quo
590 3155 760 3242 pausando
774 3153 964 3241 quieseeret,
986 3176 1156 3242 quousque
1176 3157 1225 3221 sol
1246 3156 1328 3222 vitae
1342 3154 1493 3221 secundus

444 3255 566 3321 iterum
589 3260 781 3345 assurgeret,
805 3257 996 3344 rediretque
1017 3257 1195 3324 adortum.
1241 3255 1288 3324 Et
1302 3257 1388 3324 eirea
1407 3261 1493 3323 stra·

442 3361 576 3440 tionem,
599 3361 670 3429 sive
691 3362 863 3442 facturam,
884 3363 961 3430 lecti
982 3363 1086 3444 istius,
1102 3363 1250 3451 uncaque
1264 3364 1492 3452 perimentum

442 3463 531 3549 quod
557 3463 693 3551 ponitur
725 3463 910 3545 hincinde,
938 3469 973 3531 et
1008 3487 1052 3532 ex
1086 3469 1227 3553 utraque
1256 3471 1351 3554 parte
1380 3465 1491 3554 ipsius,

441 3566 633 3652 expendisse
654 3565 758 3632 fertur
781 3568 870 3633 ultra
890 3567 1015 3654 viginti
1036 3567 1146 3635 libras.

273 3671 396 3724 Aslver-
487 3671 584 3751 Item,
606 3677 646 3738 ut
631 3672 760 3739 tDeus
774 3673 918 3742 clemens
932 3680 966 3742 et
989 3675 1162 3763 propitius,
1183 3674 1224 3741 de
1246 3673 1339 3761 eujus
1354 3695 1489 3742 munere

272 3737 422 3868 Qtfflssd
441 3773 544 3856 venit,
567 3779 607 3840 ut
630 3774 786 3863 digneet
771 3776 1024 3844 tlaudabiliter
1055 3777 1119 3844 sibi
1141 3777 1308 3844 serviatur
1333 3799 1355 3842 a
1383 3777 1488 3844 fideli·

270 3869 451 4001 sshgstadm
441 3876 503 3942 bus
526 3877 604 3959 suis,
621 3877 838 3945 inclinaretur
861 3877 1037 3996 benignius
1051 3879 1095 3945 ad
1117 3879 1357 3968 cooperandum
1378 3900 1487 3948 seeum

271 4003 407 4058 berosus
440 3977 477 4044 in
503 3979 642 4066 singulis
663 3979 841 4068 agibilibus
864 3981 941 4060 suis,
962 3981 999 4046 in
1028 3981 1211 4048 laudem'
1181 4003 1261 4068 eJus,
1284 3986 1319 4048 et
1340 3981 1486 4069 gloriam,

269 4073 385 4205 md
439 4081 616 4167 quamdam
650 4081 722 4148 fieri
759 4081 838 4148 feeit
874 4081 1024 4148 tabulam
1055 4089 1245 4170 argenteam
1282 4089 1319 4150 et
1349 4084 1486 4151 deaura-

437 4187 517 4262 tam,
532 4189 756 4302 sumptuosam
771 4183 960 4271 plurimum,
977 4188 1011 4250 et
1025 4185 1107 4251 satis
1128 4186 1312 4267 curiosam
1332 4186 1370 4252 in
1391 4186 1485 4272 eujus

437 4286 594 4365 medio,
584 4307 621 4351 ιιι
656 4286 865 4353 eminentiori
897 4287 978 4366 looo,
1011 4287 1138 4374 imponi
1169 4288 1316 4355 decrevit
1347 4289 1485 4356 Domini

437 4387 663 4454 Salvatoris³
675 4389 861 4476 imaginem,
884 4387 1106 4455 ⁰sollemniori
1128 4411 1187 4456 suo
1215 4391 1351 4458 modo
1341 4413 1379 4456 ιιι
1403 4391 1485 4458 solio

469 4615 476 4647 ¹
485 4613 755 4680 paldotioaeminMS.
1016 4615 1251 4682 ‘'puteunns.

466 4695 540 4746 ²The
561 4695 781 4757 nizellensis
800 4697 843 4747 the
862 4697 932 4748 word
1015 4697 1170 4762 'prassinam
1181 4698 1209 4748 in
1218 4697 1275 4750 MS.

432 4779 448 4803 ‘⁴
458 4774 544 4834 Item,”
558 4775 578 4824 is
589 4775 692 4826 omitted
705 4775 866 4840 throughout.
1015 4775 1300 4842 mammertinus.

465 4852 595 4916 ³aru'qnm
608 4853 633 4903 in
647 4854 701 4906 MS.
