3640 5842
473 951 646 1004 tonsurus
668 954 954 1006 wamasnsrann
976 956 1150 1008 secunus.
1271 945 1337 1012 417

293 1143 390 1208 modo
413 1163 479 1230 quo
500 1143 569 1230 ipse
590 1144 739 1224 sciverat,
762 1167 822 1232 pro
843 1145 1053 1212 restitutione
1079 1146 1225 1232 ejusdem
1244 1145 1335 1211 Prio-
1347 1155 1416 1206 sn.
1431 1158 1502 1205 1451.

293 1249 395 1413 ratup,
416 1250 451 1312 et
473 1247 688 1326 revocatione,
713 1247 803 1336 apnd
824 1247 929 1334 ipsius
951 1247 1189 1315 Celsitndinem
1212 1237 1497 1371 suppli-itqaqqlled

293 1368 364 1413 cara
380 1399 387 1412 .

339 1453 434 1536 Quod
456 1453 532 1522 licet
549 1456 653 1522 frater
674 1456 785 1522 dictus
807 1455 984 1544 diligenter
1000 1456 1242 1544 vigilanterque
1264 1477 1336 1544 per·
1349 1469 1487 1520 noenum

295 1563 415 1644 ageret,
438 1557 645 1646 instaretque
676 1581 735 1646 per
764 1563 896 1646 tempus
917 1581 985 1626 non
1006 1581 1156 1647 paucum,
1179 1559 1257 1646 quia
1278 1579 1338 1645 per
1349 1535 1480 1654 {Imm

294 1659 439 1747 spatium
461 1659 604 1747 quinque
627 1660 885 1748 septimanarum
907 1666 941 1728 et
964 1661 1064 1743 ultra,
1088 1683 1147 1749 pro
1178 1681 1246 1728 suae
1268 1682 1337 1725 ma-
1350 1671 1484 1734 cotepre·

295 1760 386 1828 teria
401 1762 619 1850 expeditione,
633 1761 689 1829 sed
713 1767 825 1830 tamen
847 1763 1012 1842 continue,
1028 1784 1096 1830 non
1117 1763 1215 1830 aliter
1238 1783 1338 1850 quam
1349 1735 1479 1868 ffissffi

294 1862 324 1928 si
355 1863 515 1950 pinxisset
537 1865 574 1929 in
604 1863 757 1952 pendulo,
779 1865 1035 1952 aedifiossetqua
1061 1865 1097 1930 in
1120 1865 1265 1945 ¹sabulo,
1289 1863 1339 1929 in·
1350 1868 1426 1919 seer
1436 1882 1505 1944 noue

264 1966 403 2032 enitet
435 1965 622 2048 laboraret3
652 1968 783 2034 demum
818 1967 931 2055 igitur,
955 1969 1047 2054 quasi
1081 1967 1135 2034 vir
1158 1968 1195 2033 in
1228 1966 1339 2052 despe-
1351 1934 1484 2051 mig}

294 2067 423 2135 ratione
463 2071 597 2157 positus,
633 2070 781 2157 perrexit
817 2071 858 2136 ed
898 2067 1101 2136 ²Dominum
1140 2068 1455 2156 episcopumque

295 2169 523 2253 Bononiensem,
554 2171 793 2240 cancellarium
825 2173 928 2262 regni,
952 2178 986 2238 et
1012 2172 1149 2238 Domini
1171 2171 1271 2258 Regia
1303 2168 1339 2236 in
1351 2131 1487 2252 {yffi

295 2274 478 2361 propinquo
500 2274 605 2361 gradu
632 2274 918 2362 consanguineum,
945 2279 979 2340 et
1013 2273 1183 2340 humiliter
1212 2266 1491 2358 instan·,⁰0.¹¹⁰¹’the

295 2385 409 2462 te1que
431 2377 638 2464 supplicavit,
659 2377 814 2464 quatinus
838 2376 916 2462 ipse,
938 2376 1066 2442 intuitu
1096 2375 1248 2464 magistri
1278 2373 1338 2452 eui,
1351 2330 1490 2460 RQ&

295 2477 391 2558 senis,
414 2481 450 2544 et
470 2500 539 2565 prae
567 2478 667 2556 senio,
689 2500 728 2546 ac
760 2477 858 2544 etiam
893 2478 1017 2559 morbo,
1046 2479 1083 2543 in
1117 2477 1340 2544 Parliamento
1353 2465 1426 2544 ΜΨ
1436 2464 1479 2513 “¹⁸

295 2579 408 2645 adesse
437 2601 504 2646 non
526 2581 678 2661 valentis,
700 2580 895 2668 dignaretur
923 2581 959 2645 in
989 2601 1023 2646 se
1046 2580 1217 2646 materiem
1247 2599 1340 2644 suam
1352 2532 1501 2664 mun·

295 2681 331 2746 in
353 2680 475 2747 favoris
495 2683 636 2770 gratiam
659 2683 845 2761 admittere,
873 2703 1128 2770 promovereque
1158 2703 1230 2748 eam
1253 2678 1342 2767 apud

297 2781 436 2870 Regiam
451 2783 697 2864 Oelsitudinem,
714 2806 752 2851 ac
767 2807 827 2873 pro
848 2782 1083 2872 ⁸expeditione
1098 2784 1201 2871 ipsius
1222 2783 1342 2848 amica·

296 2886 409 2952 biliter
430 2886 585 2954 laborare.
632 2886 698 2967 Qui
721 2887 954 2968 cancellarius,
970 2888 1116 2954 existens
1135 2886 1262 2952 Abbati
1285 2885 1343 2950 do·

297 2988 407 3054 minus
429 2989 652 3069 amicissimus,
667 2990 781 3078 ipsam,
796 3001 892 3078 grato
914 2989 1024 3054 animo
1046 2987 1291 3078 expediendam,
1307 2987 1343 3050 in

297 3113 413 3157 manns
428 3113 503 3158 suas
517 3095 723 3180 susceperat3
738 3093 936 3179 tandemque
952 3091 1149 3178 expeditam,
1164 3090 1226 3156 sub
1239 3090 1345 3156 forma

298 3216 372 3280 quae
393 3194 612 3284 subsequitur,
635 3195 763 3262 Abbati
785 3199 821 3261 et
842 3193 1029 3262 Conventui
1052 3192 1241 3260 destinabat
1253 3217 1307 3258 :-

300 3413 469 3484 Concaeu'o
494 3413 598 3501 Regis
627 3413 796 3482 Eduuurdsi
828 3413 953 3498 Quarti
982 3435 1085 3502 super
1106 3411 1276 3480 Pisoraca
1304 3411 1345 3478 da

481 3516 654 3599 Pembrole,
676 3517 722 3584 ia
738 3516 902 3604 portua
923 3515 1159 3585 sensualia.

344 3653 582 3736 “⁴Edwardus,
605 3655 668 3722 Dei
691 3656 809 3742 gratia,
832 3655 904 3721 Rex
919 3653 1050 3742 Angliae
1072 3659 1106 3720 et
1129 3653 1286 3733 Frende,
1310 3658 1459 3719 etl'here·

299 3764 317 3794 ‘¹
340 3757 502 3824 Dominus
524 3757 705 3838 Hiberniae,
728 3756 880 3822 omnibus
906 3756 949 3821 ad
977 3778 1057 3842 quos
1083 3761 1258 3844 praesentes
1288 3754 1342 3820 lit-
1355 3730 1500 3862 fflggq

300 3869 317 3896 “
340 3865 420 3927 terre
435 3859 652 3948 pervenerint,
669 3859 818 3926 salutem
856 3857 976 3924 Sciatis
992 3857 1080 3944 quod
1094 3879 1163 3937 nos,
1179 3856 1221 3922 de
1235 3857 1343 3943 gratia
1356 3865 1386 3915 or
1395 3863 1470 3914 Pem-

301 3970 318 3998 “
340 3967 455 4028 nostra
476 3961 617 4050 speciali,
640 3960 855 4026 concessimus
879 3958 1008 4026 dilectis
1030 3958 1125 4024 nobis
1151 3959 1188 4023 in
1203 3957 1341 4033 Christo,
1355 3931 1442 4048 ἓξὲξ

300 4071 317 4100 “
341 4063 497 4143 Johanni,
511 4062 646 4144 Abbati,
662 4067 697 4130 et
711 4061 908 4140 Conventui,
929 4059 1121 4126 Monasterii
1144 4063 1179 4126 et
1193 4059 1344 4126 Ecclesiae
1357 4063 1469 4114 tharson·

301 4173 320 4204 “
343 4165 456 4232 Sancti
478 4164 612 4244 Albani,
646 4186 719 4252 quae
753 4163 795 4230 de
825 4162 1021 4230 fundatione
1047 4161 1238 4228 inclitorum
1271 4182 1345 4249 pro·

301 4274 319 4306 “
341 4269 530 4356 genitorum
560 4273 756 4345 nostrorum,
788 4265 953 4353 quondam
985 4265 1113 4352 Regum
1144 4263 1284 4352 Anglite,
1312 4270 1347 4328 et

301 4377 320 4408 “
342 4377 455 4438 nostro
487 4375 674 4459 patronatu,
713 4368 840 4450 existit,
873 4367 1062 4434 Prioratum
1095 4365 1136 4432 de
1174 4363 1347 4444 Pembrok,

302 4479 321 4511 “
343 4474 570 4560 alienigenam,
594 4473 630 4537 in
656 4471 807 4559 partibus
830 4469 1066 4546 Southwalliae,
1091 4490 1166 4535 cum
1195 4468 1347 4534 omnibus

336 4705 548 4762 ¹andaloinMS.
883 4703 1349 4766 ⁴Thelirstlettcrieomitted3tobe

335 4786 457 4854 'Georgo
469 4787 574 4840 Neville.
850 4785 962 4852 supplied
972 4786 998 4838 in
1010 4784 1183 4836 illuminatior.

336 4865 347 4900 ⁸
358 4869 478 4933 αρίιὲωισ
488 4866 514 4918 in
525 4868 582 4920 MS.

1146 4961 1170 5008 D
1193 4959 1218 5007 D
