3582 5838
475 882 648 934 rensuum
670 877 952 933 remunerans
973 879 1148 932 sacurem.
1269 867 1333 930 135

291 1077 309 1104 “
330 1071 385 1136 vel
406 1071 539 1139 unicum
565 1073 735 1139 denarium
765 1077 827 1138 aut
855 1071 1072 1158 quadrantem
1102 1073 1138 1137 in
1169 1075 1240 1137 toto
1270 1070 1335 1136 isto
1348 1079 1417 1131 nl).
1432 1084 1503 1132 1454.

291 1181 309 1208 rr
330 1173 462 1261 regna„

335 1276 456 1354 Abbas‚
488 1277 559 1344 haeo
589 1278 692 1344 verba
724 1301 746 1344 a
777 1277 956 1366 Capeliano
989 1278 1134 1354 audiens,
1168 1280 1203 1342 et
1235 1275 1272 1342 in
1302 1298 1336 1342 se
1349 1301 1405 1353 aas
1415 1302 1504 1354 ,absos

291 1380 422 1467 gavisus
444 1402 512 1446 non
534 1381 659 1448 modice
690 1381 779 1470 quod
811 1380 996 1446 Officiarius
1026 1379 1142 1458 dictus,
1165 1379 1224 1466 qui
1246 1377 1337 1467 prius
1349 1370 1506 1488 ssfflffiefll

292 1482 380 1548 filius
399 1483 593 1570 perditionis
613 1483 728 1562 fuerat,
747 1483 819 1570 jam
841 1484 963 1548 iterum
985 1503 1043 1568 per
1057 1481 1200 1568 gratiam
1209 1481 1338 1554 ¹rediret
1350 1511 1454 1555 casseu

292 1587 329 1651 in
358 1585 510 1673 seipsum,
540 1593 575 1654 et
605 1610 639 1654 se
668 1588 706 1654 in
736 1610 795 1654 suo
825 1608 932 1653 errore
961 1586 1126 1674 paulisper
1156 1585 1191 1651 in
1221 1585 1339 1652 melius

293 1690 488 1767 emendaret,
507 1689 611 1775 jussit
633 1689 809 1778 Capeliano
832 1695 871 1754 ut
893 1689 948 1753 ille
963 1690 1070 1775 ipsum
1085 1689 1194 1752 verbis
1208 1687 1338 1774 placitis

293 1796 328 1858 et
349 1791 517 1858 benevolis
539 1791 733 1879 depasceret,
756 1798 790 1858 et
812 1792 935 1858 diceret
956 1791 985 1856 si
1008 1797 1044 1856 et
1064 1794 1227 1877 quatenus
1256 1788 1339 1855 velit

294 1894 364 1980 ipse
385 1893 422 1958 in
443 1895 530 1961 facto
552 1895 704 1983 perficere
728 1895 817 1982 quod
846 1894 999 1982 promisit
1020 1893 1057 1958 in
1081 1892 1192 1972 verbo,
1215 1897 1250 1958 et
1273 1891 1340 1957 effi·

294 1996 414 2061 caciter
434 1996 636 2085 perimplere‚
659 1997 761 2064 vellet
783 1997 937 2084 Superior
960 2017 1038 2062 suus
1060 2015 1135 2061 eum
1150 1995 1193 2060 ad
1216 1993 1340 2061 favoris

295 2097 470 2165 admittere
490 2097 639 2186 gratiam,
661 2105 868 2186 tractareque
890 2097 948 2164 1in
970 2103 1137 2186 posterum
1159 2098 1209 2162 ita
1231 2101 1340 2184 pater·

295 2199 415 2266 naliter
436 2201 502 2267 acsi
524 2223 696 2288 nunquam
718 2201 914 2268 declinasset
935 2202 972 2266 in
993 2201 1136 2279 devium,
1151 2222 1209 2268 seu
1223 2200 1260 2265 in
1274 2199 1341 2266 oul-

296 2325 371 2390 pam
393 2303 570 2384 incidisset,
593 2305 648 2370 vel
670 2305 835 2372 offensam.
1088 2367 1090 2372 .

341 2405 533 2484 Officiarius,
563 2407 604 2472 de
634 2407 697 2472 hiis
730 2408 782 2473 eui
811 2406 998 2494 Superioris
1020 2406 1118 2472 dictis
1140 2404 1341 2482 certioratus,
1355 2423 1484 2476 Thsoffi-

297 2508 474 2574 loetebatur
503 2531 600 2596 super
629 2508 700 2576 haec
729 2511 858 2596 eloquia
887 2530 955 2575 non
981 2510 1077 2575 aliter
1100 2511 1206 2595 ‘quam
1234 2509 1264 2574 si
1292 2509 1342 2572 in·
1355 2491 1499 2608 fflfflw

297 2610 441 2676 venisset
463 2611 568 2698 spolia
583 2612 698 2694 multa,
714 2616 890 2698 totumque
907 2611 1070 2700 posterius
1092 2631 1188 2676 suum
1211 2631 1342 2676 sensum
1354 2625 1469 2675 mlfilhis

298 2716 333 2778 et
353 2712 524 2779 scientiam
548 2714 708 2801 apposnit,
731 2719 771 2780 ut
793 2713 961 2801 perficeret
983 2715 1020 2779 in
1042 2713 1129 2780 facto
1155 2713 1244 2798 quod
1269 2733 1344 2800 pro-
1356 2691 1471 2757 promise

298 2814 433 2881 miserat
466 2816 504 2881 in
536 2815 646 2895 verbo,
678 2823 712 2882 et
744 2818 825 2882 satis
855 2816 1031 2882 efficaciter
1054 2815 1227 2882 laboravit.
1274 2815 1345 2880 Sic·

299 2939 361 3003 que
398 2921 445 2984 et·
462 2917 524 2983 sub
560 2920 622 2985 hac
656 2919 761 2985 forma
798 2919 954 2985 reductus
986 2917 1052 2984 fuit
1082 2917 1201 2983 frater‘
1223 2917 1344 2982 iterum

299 3020 336 3084 in
356 3020 507 3107 seipsum,
538 3021 758 3108 inductusque
788 3021 831 3086 ad
861 3020 1103 3086 concedendum
1125 3019 1283 3106 implicite
1310 3031 1487 3085 seluemo·

299 3143 462 3188 summam
491 3123 613 3190 nedum
644 3125 767 3190 dictam
793 3124 830 3188 in
859 3123 959 3189 bursa
987 3122 1114 3198 habere,
1138 3097 1514 3217 ”quinimffloffiffl

300 3224 445 3303 ulterius,
457 3229 611 3312 pecunias
625 3226 706 3293 alias
717 3227 846 3308 varias;
867 3225 945 3312 quia
959 3224 1047 3290 infra
1060 3245 1201 3311 paucum
1215 3229 1346 3312 tempus
1358 3233 1480 3310 vithteld

302 3328 464 3415 posterius
486 3329 588 3394 solvit
610 3351 692 3416 pene
723 3329 834 3395 omnia
857 3327 969 3394 debita
991 3325 1147 3406 Gamerae,
1174 3327 1347 3393 satissecit-
1359 3305 1472 3433 ἓξὲξ

301 3453 364 3518 que
387 3435 456 3496 tam
479 3430 579 3518 Papae
602 3425 700 3518 quam
722 3431 815 3518 Regi,
842 3452 940 3517 quam
963 3429 1065 3496 etiam
1094 3430 1246 3496 omnibus
1275 3430 1349 3496 aliis

302 3532 421 3620 quibus
442 3533 498 3599 vel
520 3555 562 3600 ex
584 3532 698 3600 debito
712 3533 764 3599 vel
781 3553 824 3599 ex
841 3537 958 3598 mutuo
978 3531 1156 3598 tenebatur
1169 3533 1283 3600 Abbas
1298 3553 1348 3598 so·

302 3635 462 3702 lationem
484 3637 588 3702 faeere
609 3637 754 3722 aliquam
769 3635 807 3700 in
822 3633 922 3700 Festo
937 3633 1114 3700 Michaelis.
1160 3635 1206 3700 Et
1221 3656 1349 3701 summa

302 3737 474 3825 utriusque
505 3737 678 3804 solutionis
710 3736 906 3814 debitomm,
941 3737 1103 3814 videlicet,
1132 3735 1279 3804 Oamerae
1311 3742 1347 3802 et

273 3836 410 3906 'oneris
430 3840 655 3906 incumbentis
686 3841 722 3906 in
752 3839 851 3905 Festo
882 3838 1061 3919 Michaelis,
1092 3839 1292 3905 extendebat
1314 3860 1348 3904 se

304 3965 386 4031 pene
407 3946 451 4011 ad
473 3948 637 4009 trecentas
653 3943 769 4008 librae.

349 4047 394 4112 Et
413 4047 459 4112 sic
474 4049 567 4134 patet
589 4043 707 4111 seriose
730 4044 820 4124 satis,
844 4043 950 4130 qualis
964 4042 1065 4108 fuerit
1079 4041 1162 4120 fluia,
1178 4041 1350 4120 conclusio,

305 4152 340 4214 et
354 4147 496 4231 effectus,
512 4147 601 4213 illius
615 4146 811 4214 variationis
827 4147 868 4212 de
890 4145 1045 4234 peumiis,
1061 4146 1152 4230 cujus
1170 4144 1213 4208 fit
1226 4145 1351 4210 mentio

304 4250 342 4315 in
363 4251 546 4338 praemissis.

340 4515 511 4580 limpoatcmm
522 4515 548 4564 in
559 4515 615 4565 MS.
828 4512 832 4578 Ι
880 4513 1010 4577 ²quinym0
1021 4511 1047 4560 in
1058 4511 1113 4560 MS.
