<?xml version="1.0" encoding="UTF-8"?>
<!DOCTYPE html PUBLIC "-//W3C//DTD XHTML 1.0 Transitional//EN"
    "http://www.w3.org/TR/xhtml1/DTD/xhtml1-transitional.dtd">
<html xmlns="http://www.w3.org/1999/xhtml" xml:lang="en" lang="en">
 <head>
  <title>
</title>
<meta http-equiv="Content-Type" content="text/html;charset=utf-8" />
  <meta name='ocr-system' content='tesseract 3.04.00' />
  <meta name='ocr-capabilities' content='ocr_page ocr_carea ocr_par ocr_line ocrx_word'/>
</head>
<body>
  <div class='ocr_page' id='page_1' title='image "./registraquorund00wallgoog_0398.png"; bbox 0 0 3640 5842; ppageno 0'>
   <div class='ocr_carea' id='block_1_1' title="bbox 477 897 1184 962">
    <p class='ocr_par' dir='ltr' id='par_1_1' title="bbox 477 897 1184 962">
     <span class='ocr_line' id='line_1_1' title="bbox 477 897 1184 962; baseline -0.01 -1"><span class='ocrx_word' id='word_1_1' title='bbox 477 897 542 962; x_wconf 82' lang='lat'><strong>340</strong></span> <span class='ocrx_word' id='word_1_2' title='bbox 809 907 1006 955; x_wconf 82' lang='lat' dir='ltr'><strong>anersraun</strong></span> <span class='ocrx_word' id='word_1_3' title='bbox 1028 905 1184 955; x_wconf 75' lang='lat' dir='ltr'><strong>annana</strong></span> 
     </span>
    </p>
   </div>
   <div class='ocr_carea' id='block_1_2' title="bbox 309 1087 1517 4235">
    <p class='ocr_par' dir='ltr' id='par_1_2' title="bbox 309 1087 1517 1579">
     <span class='ocr_line' id='line_1_2' title="bbox 309 1087 1516 1180; baseline -0.006 -20"><span class='ocrx_word' id='word_1_4' title='bbox 309 1098 495 1160; x_wconf 76' lang='lat' dir='ltr'>A.D.1459.“</span> <span class='ocrx_word' id='word_1_5' title='bbox 517 1093 620 1179; x_wconf 90' lang='lat' dir='ltr'><strong>plebis</strong></span> <span class='ocrx_word' id='word_1_6' title='bbox 649 1093 767 1180; x_wconf 87' lang='lat' dir='ltr'><strong>abjecti</strong></span> <span class='ocrx_word' id='word_1_7' title='bbox 827 1092 1054 1180; x_wconf 89' lang='lat' dir='ltr'><strong>despectioque</strong></span> <span class='ocrx_word' id='word_1_8' title='bbox 1083 1091 1304 1179; x_wconf 90' lang='lat' dir='ltr'><strong>superborum,</strong></span> <span class='ocrx_word' id='word_1_9' title='bbox 1326 1111 1386 1155; x_wconf 92' lang='lat' dir='ltr'><strong>nec</strong></span> <span class='ocrx_word' id='word_1_10' title='bbox 1407 1087 1516 1154; x_wconf 85' lang='lat' dir='ltr'><strong>vocati</strong></span> 
     </span>
     <span class='ocr_line' id='line_1_3' title="bbox 475 1192 1516 1274; baseline -0.005 -15"><span class='ocrx_word' id='word_1_11' title='bbox 475 1203 491 1229; x_wconf 92' lang='lat'><em>“</em></span> <span class='ocrx_word' id='word_1_12' title='bbox 514 1195 555 1259; x_wconf 90' lang='lat' dir='ltr'><strong>ad</strong></span> <span class='ocrx_word' id='word_1_13' title='bbox 579 1195 733 1274; x_wconf 79' lang='lat' dir='ltr'><strong>Concilia,</strong></span> <span class='ocrx_word' id='word_1_14' title='bbox 757 1216 817 1259; x_wconf 90' lang='lat' dir='ltr'><strong>nec</strong></span> <span class='ocrx_word' id='word_1_15' title='bbox 846 1195 940 1260; x_wconf 91' lang='lat' dir='ltr'><strong>citati</strong></span> <span class='ocrx_word' id='word_1_16' title='bbox 969 1195 1012 1260; x_wconf 90' lang='lat' dir='ltr'><strong>ad</strong></span> <span class='ocrx_word' id='word_1_17' title='bbox 1042 1195 1270 1272; x_wconf 87' lang='lat' dir='ltr'><strong>Parliamenta‚</strong></span> <span class='ocrx_word' id='word_1_18' title='bbox 1302 1192 1434 1269; x_wconf 84' lang='lat' dir='ltr'><strong>limmo,</strong></span> <span class='ocrx_word' id='word_1_19' title='bbox 1458 1211 1516 1254; x_wconf 90' lang='lat' dir='ltr'><strong>nec</strong></span> 
     </span>
     <span class='ocr_line' id='line_1_4' title="bbox 473 1287 1516 1384; baseline -0.005 -23"><span class='ocrx_word' id='word_1_20' title='bbox 473 1305 492 1332; x_wconf 93' lang='lat'><strong>“</strong></span> <span class='ocrx_word' id='word_1_21' title='bbox 514 1297 647 1363; x_wconf 82' lang='lat' dir='ltr'><strong>admissi</strong></span> <span class='ocrx_word' id='word_1_22' title='bbox 669 1296 712 1362; x_wconf 91' lang='lat' dir='ltr'><strong>ad</strong></span> <span class='ocrx_word' id='word_1_23' title='bbox 735 1287 845 1382; x_wconf 88' lang='lat' dir='ltr'><strong>aliqua</strong></span> <span class='ocrx_word' id='word_1_24' title='bbox 865 1297 993 1384; x_wconf 89' lang='lat' dir='ltr'><strong>agenda</strong></span> <span class='ocrx_word' id='word_1_25' title='bbox 1014 1297 1101 1377; x_wconf 89' lang='lat' dir='ltr'><strong>alia;</strong></span> <span class='ocrx_word' id='word_1_26' title='bbox 1122 1297 1216 1382; x_wconf 89' lang='lat' dir='ltr'><strong>quasi</strong></span> <span class='ocrx_word' id='word_1_27' title='bbox 1238 1295 1363 1359; x_wconf 89' lang='lat' dir='ltr'><strong>nullam</strong></span> <span class='ocrx_word' id='word_1_28' title='bbox 1385 1293 1516 1380; x_wconf 86' lang='lat' dir='ltr'><strong>penitus</strong></span> 
     </span>
     <span class='ocr_line' id='line_1_5' title="bbox 474 1397 1517 1486; baseline -0.005 -23"><span class='ocrx_word' id='word_1_29' title='bbox 474 1399 548 1463; x_wconf 91' lang='lat' dir='ltr'><strong>“in</strong></span> <span class='ocrx_word' id='word_1_30' title='bbox 571 1399 716 1486; x_wconf 87' lang='lat' dir='ltr'><strong>personis</strong></span> <span class='ocrx_word' id='word_1_31' title='bbox 737 1398 856 1464; x_wconf 90' lang='lat' dir='ltr'><strong>nostris</strong></span> <span class='ocrx_word' id='word_1_32' title='bbox 878 1399 975 1464; x_wconf 90' lang='lat' dir='ltr'><strong>fidem</strong></span> <span class='ocrx_word' id='word_1_33' title='bbox 999 1398 1174 1477; x_wconf 72' lang='lat' dir='ltr'>habuisset,</span> <span class='ocrx_word' id='word_1_34' title='bbox 1198 1419 1255 1464; x_wconf 88' lang='lat' dir='ltr'><strong>seu</strong></span> <span class='ocrx_word' id='word_1_35' title='bbox 1277 1397 1440 1474; x_wconf 88' lang='lat' dir='ltr'><strong>fiduciam,</strong></span> <span class='ocrx_word' id='word_1_36' title='bbox 1462 1415 1517 1460; x_wconf 88' lang='lat' dir='ltr'><strong>cor</strong></span> 
     </span>
     <span class='ocr_line' id='line_1_6' title="bbox 475 1501 922 1579; baseline -0.007 -13"><span class='ocrx_word' id='word_1_37' title='bbox 475 1508 492 1538; x_wconf 88' lang='lat'><strong>“</strong></span> <span class='ocrx_word' id='word_1_38' title='bbox 516 1523 619 1579; x_wconf 91' lang='lat' dir='ltr'><strong>suum,</strong></span> <span class='ocrx_word' id='word_1_39' title='bbox 641 1523 700 1566; x_wconf 90' lang='lat' dir='ltr'><strong>seu</strong></span> <span class='ocrx_word' id='word_1_40' title='bbox 723 1501 833 1564; x_wconf 90' lang='lat' dir='ltr'><strong>anima</strong></span> <span class='ocrx_word' id='word_1_41' title='bbox 855 1521 922 1564; x_wconf 88' lang='lat' dir='ltr'><strong>sua</strong></span> 
     </span>
    </p>

    <p class='ocr_par' dir='ltr' id='par_1_3' title="bbox 472 1599 1516 2403">
     <span class='ocr_line' id='line_1_7' title="bbox 519 1599 1516 1689; baseline -0.007 -19"><span class='ocrx_word' id='word_1_42' title='bbox 519 1611 535 1638; x_wconf 92' lang='lat'><strong>“</strong></span> <span class='ocrx_word' id='word_1_43' title='bbox 547 1603 704 1682; x_wconf 87' lang='lat' dir='ltr'><strong>Secundo,</strong></span> <span class='ocrx_word' id='word_1_44' title='bbox 729 1602 813 1689; x_wconf 89' lang='lat' dir='ltr'><strong>quia,</strong></span> <span class='ocrx_word' id='word_1_45' title='bbox 829 1622 894 1668; x_wconf 92' lang='lat' dir='ltr'><strong>non</strong></span> <span class='ocrx_word' id='word_1_46' title='bbox 917 1602 1124 1668; x_wconf 70' lang='lat' dir='ltr'><strong>obstantibus</strong></span> <span class='ocrx_word' id='word_1_47' title='bbox 1146 1601 1437 1688; x_wconf 75' lang='lat' dir='ltr'><strong>perdonationibus</strong></span> <span class='ocrx_word' id='word_1_48' title='bbox 1458 1599 1516 1663; x_wconf 89' lang='lat' dir='ltr'><strong>ha·</strong></span> 
     </span>
     <span class='ocr_line' id='line_1_8' title="bbox 474 1701 1516 1792; baseline -0.007 -21"><span class='ocrx_word' id='word_1_49' title='bbox 474 1714 491 1741; x_wconf 90' lang='lat'><strong>“</strong></span> <span class='ocrx_word' id='word_1_50' title='bbox 513 1706 601 1784; x_wconf 89' lang='lat' dir='ltr'><strong>bitis,</strong></span> <span class='ocrx_word' id='word_1_51' title='bbox 625 1711 694 1770; x_wconf 91' lang='lat' dir='ltr'><strong>tam</strong></span> <span class='ocrx_word' id='word_1_52' title='bbox 717 1706 813 1771; x_wconf 81' lang='lat' dir='ltr'><strong>elatae</strong></span> <span class='ocrx_word' id='word_1_53' title='bbox 838 1705 956 1770; x_wconf 86' lang='lat' dir='ltr'><strong>frontis</strong></span> <span class='ocrx_word' id='word_1_54' title='bbox 985 1711 1064 1769; x_wconf 88' lang='lat' dir='ltr'><strong>sunt</strong></span> <span class='ocrx_word' id='word_1_55' title='bbox 1086 1704 1169 1792; x_wconf 90' lang='lat' dir='ltr'><strong>regii</strong></span> <span class='ocrx_word' id='word_1_56' title='bbox 1189 1703 1399 1782; x_wconf 81' lang='lat' dir='ltr'><strong>collaterales,</strong></span> <span class='ocrx_word' id='word_1_57' title='bbox 1423 1701 1516 1787; x_wconf 82' lang='lat' dir='ltr'><strong>quasi</strong></span> 
     </span>
     <span class='ocr_line' id='line_1_9' title="bbox 472 1805 1516 1892; baseline -0.007 -19"><span class='ocrx_word' id='word_1_58' title='bbox 472 1814 492 1842; x_wconf 90' lang='lat'><em>“</em></span> <span class='ocrx_word' id='word_1_59' title='bbox 518 1829 635 1885; x_wconf 89' lang='lat' dir='ltr'><strong>omnes,</strong></span> <span class='ocrx_word' id='word_1_60' title='bbox 675 1812 744 1872; x_wconf 88' lang='lat' dir='ltr'><strong>tam</strong></span> <span class='ocrx_word' id='word_1_61' title='bbox 778 1805 934 1892; x_wconf 74' lang='lat' dir='ltr'><strong>duraeque</strong></span> <span class='ocrx_word' id='word_1_62' title='bbox 969 1805 1112 1885; x_wconf 87' lang='lat' dir='ltr'><strong>cervicis,</strong></span> <span class='ocrx_word' id='word_1_63' title='bbox 1147 1805 1235 1892; x_wconf 89' lang='lat' dir='ltr'><strong>quod</strong></span> <span class='ocrx_word' id='word_1_64' title='bbox 1270 1827 1328 1870; x_wconf 90' lang='lat' dir='ltr'><strong>nec</strong></span> <span class='ocrx_word' id='word_1_65' title='bbox 1360 1809 1516 1870; x_wconf 86' lang='lat' dir='ltr'><strong>verentur</strong></span> 
     </span>
     <span class='ocr_line' id='line_1_10' title="bbox 475 1906 1516 1996; baseline -0.006 -21"><span class='ocrx_word' id='word_1_66' title='bbox 475 1909 673 1975; x_wconf 88' lang='lat' dir='ltr'><strong>“mandata</strong></span> <span class='ocrx_word' id='word_1_67' title='bbox 705 1909 794 1996; x_wconf 90' lang='lat' dir='ltr'><strong>regia</strong></span> <span class='ocrx_word' id='word_1_68' title='bbox 825 1908 1016 1995; x_wconf 79' lang='lat' dir='ltr'><strong>transgredi,</strong></span> <span class='ocrx_word' id='word_1_69' title='bbox 1052 1927 1111 1973; x_wconf 89' lang='lat' dir='ltr'><strong>neo</strong></span> <span class='ocrx_word' id='word_1_70' title='bbox 1133 1907 1405 1987; x_wconf 88' lang='lat' dir='ltr'><strong>verecundantur,</strong></span> <span class='ocrx_word' id='word_1_71' title='bbox 1439 1906 1516 1970; x_wconf 89' lang='lat' dir='ltr'><strong>licet</strong></span> 
     </span>
     <span class='ocr_line' id='line_1_11' title="bbox 473 2007 1515 2098; baseline -0.006 -21"><span class='ocrx_word' id='word_1_72' title='bbox 473 2019 493 2048; x_wconf 88' lang='lat'><strong>“</strong></span> <span class='ocrx_word' id='word_1_73' title='bbox 515 2012 806 2098; x_wconf 78' lang='lat' dir='ltr'><strong>transgrediantur,</strong></span> <span class='ocrx_word' id='word_1_74' title='bbox 830 2033 927 2097; x_wconf 91' lang='lat' dir='ltr'><strong>super</strong></span> <span class='ocrx_word' id='word_1_75' title='bbox 949 2010 1205 2097; x_wconf 82' lang='lat' dir='ltr'><strong>transgressione</strong></span> <span class='ocrx_word' id='word_1_76' title='bbox 1228 2009 1386 2075; x_wconf 82' lang='lat' dir='ltr'><strong>annotari.</strong></span> <span class='ocrx_word' id='word_1_77' title='bbox 1427 2007 1515 2073; x_wconf 84' lang='lat' dir='ltr'><strong>Gens</strong></span> 
     </span>
     <span class='ocr_line' id='line_1_12' title="bbox 474 2109 1514 2200; baseline -0.007 -21"><span class='ocrx_word' id='word_1_78' title='bbox 474 2123 492 2149; x_wconf 85' lang='lat'><strong>⁴‘</strong></span> <span class='ocrx_word' id='word_1_79' title='bbox 514 2115 602 2179; x_wconf 92' lang='lat' dir='ltr'><strong>enim</strong></span> <span class='ocrx_word' id='word_1_80' title='bbox 617 2119 668 2180; x_wconf 90' lang='lat' dir='ltr'><strong>est</strong></span> <span class='ocrx_word' id='word_1_81' title='bbox 691 2113 761 2178; x_wconf 87' lang='lat' dir='ltr'><strong>sine</strong></span> <span class='ocrx_word' id='word_1_82' title='bbox 783 2112 968 2200; x_wconf 90' lang='lat' dir='ltr'><strong>prudentia,</strong></span> <span class='ocrx_word' id='word_1_83' title='bbox 984 2120 1018 2178; x_wconf 91' lang='lat' dir='ltr'><strong>et</strong></span> <span class='ocrx_word' id='word_1_84' title='bbox 1040 2113 1163 2198; x_wconf 86' lang='lat' dir='ltr'><strong>absque</strong></span> <span class='ocrx_word' id='word_1_85' title='bbox 1186 2109 1363 2193; x_wconf 78' lang='lat' dir='ltr'><strong>²consili03</strong></span> <span class='ocrx_word' id='word_1_86' title='bbox 1387 2111 1514 2175; x_wconf 87' lang='lat' dir='ltr'><strong>utinam</strong></span> 
     </span>
     <span class='ocr_line' id='line_1_13' title="bbox 475 2212 1514 2303; baseline -0.006 -22"><span class='ocrx_word' id='word_1_87' title='bbox 475 2223 493 2252; x_wconf 82' lang='lat'><strong>‘⁴</strong></span> <span class='ocrx_word' id='word_1_88' title='bbox 515 2221 666 2303; x_wconf 83' lang='lat' dir='ltr'><strong>saperent</strong></span> <span class='ocrx_word' id='word_1_89' title='bbox 698 2221 732 2281; x_wconf 92' lang='lat' dir='ltr'><strong>et</strong></span> <span class='ocrx_word' id='word_1_90' title='bbox 762 2215 994 2301; x_wconf 84' lang='lat' dir='ltr'><strong>intelligerent,</strong></span> <span class='ocrx_word' id='word_1_91' title='bbox 1017 2237 1055 2281; x_wconf 85' lang='lat' dir='ltr'><strong>ac</strong></span> <span class='ocrx_word' id='word_1_92' title='bbox 1084 2215 1201 2280; x_wconf 85' lang='lat' dir='ltr'><strong>fierent</strong></span> <span class='ocrx_word' id='word_1_93' title='bbox 1234 2214 1442 2280; x_wconf 86' lang='lat' dir='ltr'><strong>modestiores</strong></span> <span class='ocrx_word' id='word_1_94' title='bbox 1479 2212 1514 2275; x_wconf 91' lang='lat' dir='ltr'><strong>in</strong></span> 
     </span>
     <span class='ocr_line' id='line_1_14' title="bbox 473 2317 1068 2403; baseline 0.002 -21"><span class='ocrx_word' id='word_1_95' title='bbox 473 2325 492 2354; x_wconf 93' lang='lat'><strong>“</strong></span> <span class='ocrx_word' id='word_1_96' title='bbox 516 2317 659 2382; x_wconf 86' lang='lat' dir='ltr'><strong>mon&#39;bus</strong></span> <span class='ocrx_word' id='word_1_97' title='bbox 691 2321 725 2383; x_wconf 89' lang='lat' dir='ltr'><strong>et</strong></span> <span class='ocrx_word' id='word_1_98' title='bbox 757 2317 792 2381; x_wconf 90' lang='lat' dir='ltr'><strong>in</strong></span> <span class='ocrx_word' id='word_1_99' title='bbox 822 2317 981 2403; x_wconf 86' lang='lat' dir='ltr'><strong>regimine</strong></span> <span class='ocrx_word' id='word_1_100' title='bbox 1003 2339 1068 2383; x_wconf 87' lang='lat' dir='ltr'><strong>suo.</strong></span> 
     </span>
    </p>

    <p class='ocr_par' dir='ltr' id='par_1_4' title="bbox 473 2418 1516 3810">
     <span class='ocr_line' id='line_1_15' title="bbox 519 2418 1514 2507; baseline -0.003 -23"><span class='ocrx_word' id='word_1_101' title='bbox 519 2418 672 2485; x_wconf 90' lang='lat' dir='ltr'><strong>“Tertio</strong></span> <span class='ocrx_word' id='word_1_102' title='bbox 699 2441 786 2497; x_wconf 87' lang='lat' dir='ltr'><strong>vero,</strong></span> <span class='ocrx_word' id='word_1_103' title='bbox 810 2418 897 2506; x_wconf 88' lang='lat' dir='ltr'><strong>quia,</strong></span> <span class='ocrx_word' id='word_1_104' title='bbox 913 2418 992 2485; x_wconf 89' lang='lat' dir='ltr'><strong>licet</strong></span> <span class='ocrx_word' id='word_1_105' title='bbox 1018 2420 1059 2486; x_wconf 89' lang='lat' dir='ltr'><strong>de</strong></span> <span class='ocrx_word' id='word_1_106' title='bbox 1089 2419 1160 2506; x_wconf 87' lang='lat' dir='ltr'><strong>lege</strong></span> <span class='ocrx_word' id='word_1_107' title='bbox 1186 2420 1289 2507; x_wconf 89' lang='lat' dir='ltr'><strong>regni,</strong></span> <span class='ocrx_word' id='word_1_108' title='bbox 1314 2421 1355 2486; x_wconf 87' lang='lat' dir='ltr'><strong>ds</strong></span> <span class='ocrx_word' id='word_1_109' title='bbox 1376 2419 1514 2504; x_wconf 89' lang='lat' dir='ltr'><strong>jureque</strong></span> 
     </span>
     <span class='ocr_line' id='line_1_16' title="bbox 474 2521 1515 2608; baseline -0.003 -21"><span class='ocrx_word' id='word_1_110' title='bbox 474 2527 493 2556; x_wconf 92' lang='lat'><strong>“</strong></span> <span class='ocrx_word' id='word_1_111' title='bbox 516 2522 653 2599; x_wconf 85' lang='lat' dir='ltr'><strong>Statuti,</strong></span> <span class='ocrx_word' id='word_1_112' title='bbox 674 2521 807 2587; x_wconf 90' lang='lat' dir='ltr'><strong>deberet</strong></span> <span class='ocrx_word' id='word_1_113' title='bbox 831 2521 1056 2608; x_wconf 85' lang='lat' dir='ltr'><strong>unusquisque</strong></span> <span class='ocrx_word' id='word_1_114' title='bbox 1080 2522 1252 2600; x_wconf 87' lang='lat' dir='ltr'><strong>Dominus,</strong></span> <span class='ocrx_word' id='word_1_115' title='bbox 1270 2523 1382 2608; x_wconf 86' lang='lat' dir='ltr'><strong>vigore</strong></span> <span class='ocrx_word' id='word_1_116' title='bbox 1405 2521 1515 2586; x_wconf 90' lang='lat' dir='ltr'><strong>brevis</strong></span> 
     </span>
     <span class='ocr_line' id='line_1_17' title="bbox 474 2622 1515 2709; baseline -0.002 -21"><span class='ocrx_word' id='word_1_117' title='bbox 474 2629 493 2660; x_wconf 92' lang='lat'><strong>“</strong></span> <span class='ocrx_word' id='word_1_118' title='bbox 515 2623 606 2709; x_wconf 89' lang='lat' dir='ltr'><strong>regii,</strong></span> <span class='ocrx_word' id='word_1_119' title='bbox 622 2623 664 2688; x_wconf 89' lang='lat' dir='ltr'><strong>ad</strong></span> <span class='ocrx_word' id='word_1_120' title='bbox 681 2622 875 2701; x_wconf 81' lang='lat' dir='ltr'><strong>Concilium,</strong></span> <span class='ocrx_word' id='word_1_121' title='bbox 886 2624 956 2688; x_wconf 88' lang='lat' dir='ltr'><strong>sive</strong></span> <span class='ocrx_word' id='word_1_122' title='bbox 968 2623 1234 2702; x_wconf 90' lang='lat' dir='ltr'><strong>Parliamentum,</strong></span> <span class='ocrx_word' id='word_1_123' title='bbox 1255 2630 1418 2701; x_wconf 87' lang='lat' dir='ltr'><strong>evocatus,</strong></span> <span class='ocrx_word' id='word_1_124' title='bbox 1433 2623 1515 2688; x_wconf 89' lang='lat' dir='ltr'><strong>liber</strong></span> 
     </span>
     <span class='ocr_line' id='line_1_18' title="bbox 475 2722 1515 2812; baseline -0.001 -22"><span class='ocrx_word' id='word_1_125' title='bbox 475 2731 494 2761; x_wconf 88' lang='lat'><strong>“</strong></span> <span class='ocrx_word' id='word_1_126' title='bbox 516 2727 675 2805; x_wconf 88' lang='lat' dir='ltr'><strong>accedere,</strong></span> <span class='ocrx_word' id='word_1_127' title='bbox 703 2731 793 2790; x_wconf 89' lang='lat' dir='ltr'><strong>stare</strong></span> <span class='ocrx_word' id='word_1_128' title='bbox 816 2724 940 2790; x_wconf 89' lang='lat' dir='ltr'><strong>ibidem</strong></span> <span class='ocrx_word' id='word_1_129' title='bbox 970 2725 1062 2806; x_wconf 91' lang='lat' dir='ltr'><strong>liber,</strong></span> <span class='ocrx_word' id='word_1_130' title='bbox 1087 2722 1339 2812; x_wconf 76' lang='lat' dir='ltr'><strong>8liberrimeque</strong></span> <span class='ocrx_word' id='word_1_131' title='bbox 1369 2725 1515 2791; x_wconf 83' lang='lat' dir='ltr'><strong>recedere</strong></span> 
     </span>
     <span class='ocr_line' id='line_1_19' title="bbox 475 2827 1515 2914; baseline 0.001 -23"><span class='ocrx_word' id='word_1_132' title='bbox 475 2833 493 2862; x_wconf 79' lang='lat'><strong>‘¹</strong></span> <span class='ocrx_word' id='word_1_133' title='bbox 516 2828 602 2907; x_wconf 91' lang='lat' dir='ltr'><strong>inde,</strong></span> <span class='ocrx_word' id='word_1_134' title='bbox 620 2848 658 2892; x_wconf 89' lang='lat' dir='ltr'><strong>ac</strong></span> <span class='ocrx_word' id='word_1_135' title='bbox 681 2827 808 2908; x_wconf 89' lang='lat' dir='ltr'><strong>redire;</strong></span> <span class='ocrx_word' id='word_1_136' title='bbox 835 2827 905 2913; x_wconf 91' lang='lat' dir='ltr'><strong>ipse</strong></span> <span class='ocrx_word' id='word_1_137' title='bbox 927 2831 1039 2892; x_wconf 91' lang='lat' dir='ltr'><strong>tamen</strong></span> <span class='ocrx_word' id='word_1_138' title='bbox 1057 2827 1127 2913; x_wconf 90' lang='lat' dir='ltr'><strong>jam</strong></span> <span class='ocrx_word' id='word_1_139' title='bbox 1152 2848 1267 2914; x_wconf 90' lang='lat' dir='ltr'><strong>nuper,</strong></span> <span class='ocrx_word' id='word_1_140' title='bbox 1284 2828 1410 2906; x_wconf 83' lang='lat' dir='ltr'><strong>Comes,</strong></span> <span class='ocrx_word' id='word_1_141' title='bbox 1424 2827 1515 2892; x_wconf 88' lang='lat' dir='ltr'><strong>vide-</strong></span> 
     </span>
     <span class='ocr_line' id='line_1_20' title="bbox 476 2928 1515 3017; baseline 0.001 -24"><span class='ocrx_word' id='word_1_142' title='bbox 476 2937 492 2965; x_wconf 91' lang='lat'><strong>“</strong></span> <span class='ocrx_word' id='word_1_143' title='bbox 514 2929 600 3010; x_wconf 88' lang='lat' dir='ltr'><strong>licet,</strong></span> <span class='ocrx_word' id='word_1_144' title='bbox 617 2929 793 3016; x_wconf 88' lang='lat' dir='ltr'><strong>Warwyci,</strong></span> <span class='ocrx_word' id='word_1_145' title='bbox 822 2930 858 2993; x_wconf 94' lang='lat' dir='ltr'><strong>in</strong></span> <span class='ocrx_word' id='word_1_146' title='bbox 888 2929 1029 3015; x_wconf 89' lang='lat' dir='ltr'><strong>quodam</strong></span> <span class='ocrx_word' id='word_1_147' title='bbox 1056 2928 1208 3008; x_wconf 80' lang='lat' dir='ltr'><strong>Concilio,</strong></span> <span class='ocrx_word' id='word_1_148' title='bbox 1240 2929 1328 3017; x_wconf 88' lang='lat' dir='ltr'><strong>apud</strong></span> <span class='ocrx_word' id='word_1_149' title='bbox 1354 2929 1515 2994; x_wconf 87' lang='lat' dir='ltr'><strong>Westmo-</strong></span> 
     </span>
     <span class='ocr_line' id='line_1_21' title="bbox 476 3031 1515 3120; baseline -0.001 -23"><span class='ocrx_word' id='word_1_150' title='bbox 476 3039 494 3068; x_wconf 90' lang='lat'><strong><em>“</em></strong></span> <span class='ocrx_word' id='word_1_151' title='bbox 517 3033 699 3098; x_wconf 86' lang='lat' dir='ltr'><strong>naeterium</strong></span> <span class='ocrx_word' id='word_1_152' title='bbox 729 3037 831 3110; x_wconf 87' lang='lat' dir='ltr'><strong>tento,</strong></span> <span class='ocrx_word' id='word_1_153' title='bbox 861 3033 973 3118; x_wconf 88' lang='lat' dir='ltr'><strong>vigore</strong></span> <span class='ocrx_word' id='word_1_154' title='bbox 1003 3032 1116 3119; x_wconf 89' lang='lat' dir='ltr'><strong>scripti</strong></span> <span class='ocrx_word' id='word_1_155' title='bbox 1147 3032 1188 3097; x_wconf 90' lang='lat' dir='ltr'><strong>de</strong></span> <span class='ocrx_word' id='word_1_156' title='bbox 1202 3093 1205 3102; x_wconf 90' lang='grc'><em>,</em></span> <span class='ocrx_word' id='word_1_157' title='bbox 1221 3032 1357 3097; x_wconf 86' lang='lat' dir='ltr'><strong>Privato</strong></span> <span class='ocrx_word' id='word_1_158' title='bbox 1393 3031 1515 3120; x_wconf 86' lang='lat' dir='ltr'><strong>Sigillo,</strong></span> 
     </span>
     <span class='ocr_line' id='line_1_22' title="bbox 474 3133 1515 3221; baseline 0.001 -23"><span class='ocrx_word' id='word_1_159' title='bbox 474 3141 493 3170; x_wconf 82' lang='lat'><strong>‘¹</strong></span> <span class='ocrx_word' id='word_1_160' title='bbox 516 3135 552 3198; x_wconf 91' lang='lat' dir='ltr'><strong>in</strong></span> <span class='ocrx_word' id='word_1_161' title='bbox 578 3155 717 3221; x_wconf 90' lang='lat' dir='ltr'><strong>persona</strong></span> <span class='ocrx_word' id='word_1_162' title='bbox 738 3155 889 3220; x_wconf 85' lang='lat' dir='ltr'><strong>praesens,</strong></span> <span class='ocrx_word' id='word_1_163' title='bbox 911 3134 1075 3220; x_wconf 85' lang='lat' dir='ltr'><strong>juxtaque</strong></span> <span class='ocrx_word' id='word_1_164' title='bbox 1097 3155 1229 3199; x_wconf 89' lang='lat' dir='ltr'><strong>sensum</strong></span> <span class='ocrx_word' id='word_1_165' title='bbox 1252 3134 1391 3221; x_wconf 86' lang='lat' dir='ltr'><strong>desuper</strong></span> <span class='ocrx_word' id='word_1_166' title='bbox 1413 3133 1515 3199; x_wconf 71' lang='lat' dir='ltr'><strong>4mihi</strong></span> 
     </span>
     <span class='ocr_line' id='line_1_23' title="bbox 474 3235 1514 3323; baseline -0.001 -22"><span class='ocrx_word' id='word_1_167' title='bbox 474 3244 491 3272; x_wconf 92' lang='lat'><strong><em>“</em></strong></span> <span class='ocrx_word' id='word_1_168' title='bbox 515 3237 638 3314; x_wconf 90' lang='lat' dir='ltr'><strong>datum,</strong></span> <span class='ocrx_word' id='word_1_169' title='bbox 662 3236 832 3301; x_wconf 89' lang='lat' dir='ltr'><strong>consulens</strong></span> <span class='ocrx_word' id='word_1_170' title='bbox 851 3235 888 3299; x_wconf 90' lang='lat' dir='ltr'><strong>in</strong></span> <span class='ocrx_word' id='word_1_171' title='bbox 910 3235 1024 3300; x_wconf 91' lang='lat' dir='ltr'><strong>eodem</strong></span> <span class='ocrx_word' id='word_1_172' title='bbox 1051 3257 1109 3322; x_wconf 90' lang='lat' dir='ltr'><strong>pro</strong></span> <span class='ocrx_word' id='word_1_173' title='bbox 1130 3235 1218 3301; x_wconf 91' lang='lat' dir='ltr'><strong>bono</strong></span> <span class='ocrx_word' id='word_1_174' title='bbox 1239 3237 1342 3323; x_wconf 91' lang='lat' dir='ltr'><strong>regni,</strong></span> <span class='ocrx_word' id='word_1_175' title='bbox 1366 3257 1404 3301; x_wconf 92' lang='lat' dir='ltr'><strong>ac</strong></span> <span class='ocrx_word' id='word_1_176' title='bbox 1425 3235 1514 3300; x_wconf 90' lang='lat' dir='ltr'><strong>labo-</strong></span> 
     </span>
     <span class='ocr_line' id='line_1_24' title="bbox 473 3335 1516 3416; baseline 0.001 -15"><span class='ocrx_word' id='word_1_177' title='bbox 473 3345 491 3372; x_wconf 91' lang='lat'><strong>“</strong></span> <span class='ocrx_word' id='word_1_178' title='bbox 513 3359 597 3414; x_wconf 90' lang='lat' dir='ltr'><strong>rans,</strong></span> <span class='ocrx_word' id='word_1_179' title='bbox 628 3337 757 3402; x_wconf 86' lang='lat' dir='ltr'><strong>stabam</strong></span> <span class='ocrx_word' id='word_1_180' title='bbox 781 3335 1015 3402; x_wconf 73' lang='lat' dir='ltr'><strong>lnihilominus</strong></span> <span class='ocrx_word' id='word_1_181' title='bbox 1044 3338 1081 3401; x_wconf 92' lang='lat' dir='ltr'><strong>in</strong></span> <span class='ocrx_word' id='word_1_182' title='bbox 1111 3338 1250 3404; x_wconf 88' lang='lat' dir='ltr'><strong>articulo</strong></span> <span class='ocrx_word' id='word_1_183' title='bbox 1278 3337 1516 3416; x_wconf 83' lang='lat' dir='ltr'><strong>suffocationis3</strong></span> 
     </span>
     <span class='ocr_line' id='line_1_25' title="bbox 473 3437 1515 3527; baseline 0.001 -25"><span class='ocrx_word' id='word_1_184' title='bbox 473 3445 491 3472; x_wconf 88' lang='lat'><strong>“</strong></span> <span class='ocrx_word' id='word_1_185' title='bbox 513 3437 797 3524; x_wconf 86' lang='lat' dir='ltr'><strong>infallibiliterque</strong></span> <span class='ocrx_word' id='word_1_186' title='bbox 819 3439 952 3504; x_wconf 91' lang='lat' dir='ltr'><strong>fuissem</strong></span> <span class='ocrx_word' id='word_1_187' title='bbox 977 3439 1161 3519; x_wconf 85' lang='lat' dir='ltr'><strong>suffocatus,</strong></span> <span class='ocrx_word' id='word_1_188' title='bbox 1192 3441 1220 3504; x_wconf 92' lang='lat' dir='ltr'><strong>si</strong></span> <span class='ocrx_word' id='word_1_189' title='bbox 1244 3462 1450 3527; x_wconf 89' lang='lat' dir='ltr'><strong>nequaquam</strong></span> <span class='ocrx_word' id='word_1_190' title='bbox 1475 3443 1515 3504; x_wconf 90' lang='lat' dir='ltr'><strong>dc</strong></span> 
     </span>
     <span class='ocr_line' id='line_1_26' title="bbox 473 3539 1516 3630; baseline 0.002 -26"><span class='ocrx_word' id='word_1_191' title='bbox 473 3549 491 3574; x_wconf 89' lang='lat'><em>“</em></span> <span class='ocrx_word' id='word_1_192' title='bbox 514 3539 649 3605; x_wconf 72' lang='lat' dir='ltr'><strong>⁰sancto</strong></span> <span class='ocrx_word' id='word_1_193' title='bbox 685 3539 828 3605; x_wconf 89' lang='lat' dir='ltr'><strong>misisset</strong></span> <span class='ocrx_word' id='word_1_194' title='bbox 857 3539 968 3606; x_wconf 73' lang='lat' dir='ltr'><strong>⁴mihi</strong></span> <span class='ocrx_word' id='word_1_195' title='bbox 1004 3541 1166 3608; x_wconf 90' lang='lat' dir='ltr'><strong>Dominus</strong></span> <span class='ocrx_word' id='word_1_196' title='bbox 1198 3542 1369 3623; x_wconf 83' lang='lat' dir='ltr'><strong>auxilium,</strong></span> <span class='ocrx_word' id='word_1_197' title='bbox 1406 3543 1516 3630; x_wconf 88' lang='lat' dir='ltr'><strong>potius</strong></span> 
     </span>
     <span class='ocr_line' id='line_1_27' title="bbox 473 3641 1515 3732; baseline 0.004 -26"><span class='ocrx_word' id='word_1_198' title='bbox 473 3650 489 3676; x_wconf 92' lang='lat'><strong>“</strong></span> <span class='ocrx_word' id='word_1_199' title='bbox 512 3663 610 3728; x_wconf 89' lang='lat' dir='ltr'><strong>quam</strong></span> <span class='ocrx_word' id='word_1_200' title='bbox 638 3641 751 3728; x_wconf 89' lang='lat' dir='ltr'><strong>aliqua</strong></span> <span class='ocrx_word' id='word_1_201' title='bbox 772 3646 918 3728; x_wconf 84' lang='lat' dir='ltr'><strong>potestas</strong></span> <span class='ocrx_word' id='word_1_202' title='bbox 940 3643 1092 3723; x_wconf 89' lang='lat' dir='ltr'><strong>humane,</strong></span> <span class='ocrx_word' id='word_1_203' title='bbox 1115 3645 1186 3710; x_wconf 89' lang='lat' dir='ltr'><strong>sive</strong></span> <span class='ocrx_word' id='word_1_204' title='bbox 1207 3645 1258 3710; x_wconf 88' lang='lat' dir='ltr'><strong>vis</strong></span> <span class='ocrx_word' id='word_1_205' title='bbox 1280 3645 1379 3732; x_wconf 76' lang='lat' dir='ltr'><strong>regia</strong></span> <span class='ocrx_word' id='word_1_206' title='bbox 1400 3644 1515 3732; x_wconf 89' lang='lat' dir='ltr'><strong>perdo-</strong></span> 
     </span>
     <span class='ocr_line' id='line_1_28' title="bbox 473 3745 662 3810; baseline 0.011 -3"><span class='ocrx_word' id='word_1_207' title='bbox 473 3745 662 3810; x_wconf 87' lang='lat' dir='ltr'><strong>“nationis</strong></span> 
     </span>
    </p>

    <p class='ocr_par' dir='ltr' id='par_1_5' title="bbox 469 3846 1515 4235">
     <span class='ocr_line' id='line_1_29' title="bbox 516 3846 1514 3937; baseline 0.001 -26"><span class='ocrx_word' id='word_1_208' title='bbox 516 3846 685 3934; x_wconf 90' lang='lat' dir='ltr'><strong>“Propter</strong></span> <span class='ocrx_word' id='word_1_209' title='bbox 709 3847 768 3912; x_wconf 90' lang='lat' dir='ltr'><strong>has</strong></span> <span class='ocrx_word' id='word_1_210' title='bbox 794 3851 862 3912; x_wconf 87' lang='lat' dir='ltr'><strong>tres</strong></span> <span class='ocrx_word' id='word_1_211' title='bbox 889 3869 1010 3925; x_wconf 91' lang='lat' dir='ltr'><strong>causas,</strong></span> <span class='ocrx_word' id='word_1_212' title='bbox 1035 3854 1070 3914; x_wconf 86' lang='lat' dir='ltr'><strong>et</strong></span> <span class='ocrx_word' id='word_1_213' title='bbox 1094 3850 1258 3937; x_wconf 81' lang='lat' dir='ltr'><strong>praeoipue</strong></span> <span class='ocrx_word' id='word_1_214' title='bbox 1282 3851 1368 3937; x_wconf 69' lang='lat' dir='ltr'><strong>quia,</strong></span> <span class='ocrx_word' id='word_1_215' title='bbox 1395 3850 1431 3914; x_wconf 93' lang='lat' dir='ltr'><strong>in</strong></span> <span class='ocrx_word' id='word_1_216' title='bbox 1446 3849 1514 3936; x_wconf 92' lang='lat' dir='ltr'><strong>opi·</strong></span> 
     </span>
     <span class='ocr_line' id='line_1_30' title="bbox 471 3949 1515 4039; baseline 0 -24"><span class='ocrx_word' id='word_1_217' title='bbox 471 3955 490 3984; x_wconf 88' lang='lat'><strong>“</strong></span> <span class='ocrx_word' id='word_1_218' title='bbox 511 3949 610 4016; x_wconf 90' lang='lat' dir='ltr'><strong>nione</strong></span> <span class='ocrx_word' id='word_1_219' title='bbox 639 3949 792 4037; x_wconf 90' lang='lat' dir='ltr'><strong>plurium,</strong></span> <span class='ocrx_word' id='word_1_220' title='bbox 814 3949 1066 4036; x_wconf 87' lang='lat' dir='ltr'><strong>perdonationes</strong></span> <span class='ocrx_word' id='word_1_221' title='bbox 1095 3951 1262 4039; x_wconf 87' lang='lat' dir='ltr'><strong>generales</strong></span> <span class='ocrx_word' id='word_1_222' title='bbox 1292 3952 1515 4018; x_wconf 84' lang='lat' dir='ltr'><strong>assimilantur</strong></span> 
     </span>
     <span class='ocr_line' id='line_1_31' title="bbox 472 4051 1514 4140; baseline 0 -24"><span class='ocrx_word' id='word_1_223' title='bbox 472 4052 577 4117; x_wconf 89' lang='lat' dir='ltr'><strong>“hiis</strong></span> <span class='ocrx_word' id='word_1_224' title='bbox 607 4053 731 4131; x_wconf 87' lang='lat' dir='ltr'><strong>diebus,</strong></span> <span class='ocrx_word' id='word_1_225' title='bbox 761 4073 828 4116; x_wconf 92' lang='lat' dir='ltr'><strong>non</strong></span> <span class='ocrx_word' id='word_1_226' title='bbox 858 4051 1002 4137; x_wconf 78' lang='lat' dir='ltr'><strong>quidem.-</strong></span> <span class='ocrx_word' id='word_1_227' title='bbox 1022 4057 1115 4120; x_wconf 89' lang='lat' dir='ltr'><strong>scuto</strong></span> <span class='ocrx_word' id='word_1_228' title='bbox 1144 4055 1304 4136; x_wconf 86' lang='lat' dir='ltr'><strong>veritatis,</strong></span> <span class='ocrx_word' id='word_1_229' title='bbox 1335 4055 1423 4140; x_wconf 91' lang='lat' dir='ltr'><strong>quod</strong></span> <span class='ocrx_word' id='word_1_230' title='bbox 1453 4055 1514 4120; x_wconf 88' lang='lat' dir='ltr'><strong>cir-</strong></span> 
     </span>
     <span class='ocr_line' id='line_1_32' title="bbox 469 4154 1514 4235; baseline -0.001 -13"><span class='ocrx_word' id='word_1_231' title='bbox 469 4161 487 4189; x_wconf 93' lang='lat'><strong>“</strong></span> <span class='ocrx_word' id='word_1_232' title='bbox 510 4156 644 4222; x_wconf 88' lang='lat' dir='ltr'><strong>cumdat</strong></span> <span class='ocrx_word' id='word_1_233' title='bbox 673 4155 838 4220; x_wconf 89' lang='lat' dir='ltr'><strong>hominem</strong></span> <span class='ocrx_word' id='word_1_234' title='bbox 863 4176 883 4218; x_wconf 89' lang='lat' dir='ltr'><strong>a</strong></span> <span class='ocrx_word' id='word_1_235' title='bbox 908 4154 1025 4220; x_wconf 88' lang='lat' dir='ltr'><strong>timore</strong></span> <span class='ocrx_word' id='word_1_236' title='bbox 1048 4161 1217 4234; x_wconf 86' lang='lat' dir='ltr'><strong>nocturno,</strong></span> <span class='ocrx_word' id='word_1_237' title='bbox 1245 4156 1374 4234; x_wconf 88' lang='lat' dir='ltr'><strong>¹immo,</strong></span> <span class='ocrx_word' id='word_1_238' title='bbox 1397 4157 1514 4235; x_wconf 89' lang='lat' dir='ltr'><strong>verius,</strong></span> 
     </span>
    </p>
   </div>
   <div class='ocr_carea' id='block_1_3' title="bbox 501 4417 1516 4866">
    <p class='ocr_par' dir='ltr' id='par_1_6' title="bbox 501 4417 1516 4799">
     <span class='ocr_line' id='line_1_33' title="bbox 504 4417 1515 4486; baseline 0.003 -18"><span class='ocrx_word' id='word_1_239' title='bbox 504 4418 576 4482; x_wconf 71' lang='lat' dir='ltr'><strong>&#39;ymo</strong></span> <span class='ocrx_word' id='word_1_240' title='bbox 587 4419 614 4468; x_wconf 93' lang='lat' dir='ltr'><strong>in</strong></span> <span class='ocrx_word' id='word_1_241' title='bbox 627 4417 685 4470; x_wconf 76' lang='grc' dir='ltr'><strong>ΜΒ.</strong></span> <span class='ocrx_word' id='word_1_242' title='bbox 1017 4420 1075 4472; x_wconf 78' lang='lat' dir='ltr'><strong>hers</strong></span> <span class='ocrx_word' id='word_1_243' title='bbox 1109 4421 1265 4484; x_wconf 82' lang='lat' dir='ltr'><strong>understood,</strong></span> <span class='ocrx_word' id='word_1_244' title='bbox 1294 4427 1321 4471; x_wconf 78' lang='lat' dir='ltr'><strong>to</strong></span> <span class='ocrx_word' id='word_1_245' title='bbox 1354 4433 1428 4486; x_wconf 74' lang='lat' dir='ltr'><strong>agree</strong></span> <span class='ocrx_word' id='word_1_246' title='bbox 1455 4419 1515 4471; x_wconf 68' lang='lat' dir='ltr'><strong>with</strong></span> 
     </span>
     <span class='ocr_line' id='line_1_34' title="bbox 502 4497 1515 4564; baseline 0.003 -17"><span class='ocrx_word' id='word_1_247' title='bbox 502 4497 624 4548; x_wconf 68' lang='lat' dir='ltr'><strong>’cacia</strong></span> <span class='ocrx_word' id='word_1_248' title='bbox 635 4497 663 4548; x_wconf 91' lang='lat' dir='ltr'><strong>in</strong></span> <span class='ocrx_word' id='word_1_249' title='bbox 675 4497 732 4550; x_wconf 80' lang='lat' dir='ltr'><strong>MS.</strong></span> <span class='ocrx_word' id='word_1_250' title='bbox 1016 4502 1032 4528; x_wconf 81' lang='lat'><strong>‘¹</strong></span> <span class='ocrx_word' id='word_1_251' title='bbox 1039 4507 1122 4550; x_wconf 79' lang='lat' dir='ltr'><strong>sancto</strong></span> <span class='ocrx_word' id='word_1_252' title='bbox 1127 4501 1153 4556; x_wconf 87' lang='lat'><strong>,·’&#39;</strong></span> <span class='ocrx_word' id='word_1_253' title='bbox 1164 4501 1248 4551; x_wconf 87' lang='lat' dir='ltr'><strong>unless</strong></span> <span class='ocrx_word' id='word_1_254' title='bbox 1265 4499 1307 4549; x_wconf 82' lang='lat' dir='ltr'><strong>the</strong></span> <span class='ocrx_word' id='word_1_255' title='bbox 1318 4501 1406 4550; x_wconf 85' lang='lat' dir='ltr'><strong>reader</strong></span> <span class='ocrx_word' id='word_1_256' title='bbox 1422 4499 1515 4564; x_wconf 71' lang='lat' dir='ltr'><strong>prefers</strong></span> 
     </span>
     <span class='ocr_line' id='line_1_35' title="bbox 501 4575 1515 4642; baseline 0.002 -16"><span class='ocrx_word' id='word_1_257' title='bbox 501 4575 775 4642; x_wconf 69' lang='lat' dir='ltr'><strong>&#39;literimeqseinMS.</strong></span> <span class='ocrx_word' id='word_1_258' title='bbox 1015 4579 1515 4630; x_wconf 76' lang='lat' dir='ltr'><strong>totalredaeaoactoasanerrorforde-</strong></span> 
     </span>
     <span class='ocr_line' id='line_1_36' title="bbox 501 4655 1516 4724; baseline 0.004 -18"><span class='ocrx_word' id='word_1_259' title='bbox 501 4655 635 4706; x_wconf 80' lang='lat' dir='ltr'><strong>⁴mictiin</strong></span> <span class='ocrx_word' id='word_1_260' title='bbox 647 4655 704 4708; x_wconf 84' lang='lat' dir='ltr'><strong>MS.</strong></span> <span class='ocrx_word' id='word_1_261' title='bbox 1013 4674 1096 4724; x_wconf 78' lang='lat' dir='ltr'><strong>saper,</strong></span> <span class='ocrx_word' id='word_1_262' title='bbox 1109 4659 1197 4708; x_wconf 76' lang='lat' dir='ltr'><strong>“from</strong></span> <span class='ocrx_word' id='word_1_263' title='bbox 1209 4659 1315 4710; x_wconf 82' lang='lat' dir='ltr'><strong>above.”</strong></span> <span class='ocrx_word' id='word_1_264' title='bbox 1346 4658 1401 4710; x_wconf 84' lang='lat' dir='ltr'><strong>The</strong></span> <span class='ocrx_word' id='word_1_265' title='bbox 1413 4673 1516 4724; x_wconf 76' lang='lat' dir='ltr'><strong>passage</strong></span> 
     </span>
     <span class='ocr_line' id='line_1_37' title="bbox 501 4732 1309 4799; baseline 0 -15"><span class='ocrx_word' id='word_1_266' title='bbox 501 4733 799 4786; x_wconf 69' lang='lat' dir='ltr'><strong>‘nichilomimintffi</strong></span> <span class='ocrx_word' id='word_1_267' title='bbox 1012 4732 1309 4799; x_wconf 73' lang='lat' dir='ltr'><strong>inevideatlydefectire.</strong></span> 
     </span>
    </p>

    <p class='ocr_par' dir='ltr' id='par_1_7' title="bbox 502 4809 1269 4866">
     <span class='ocr_line' id='line_1_38' title="bbox 502 4809 1269 4866; baseline 0 -2"><span class='ocrx_word' id='word_1_268' title='bbox 502 4813 625 4866; x_wconf 75' lang='lat' dir='ltr'><strong>&#39;Hesrue</strong></span> <span class='ocrx_word' id='word_1_269' title='bbox 635 4813 748 4866; x_wconf 79' lang='lat' dir='ltr'><strong>remarks</strong></span> <span class='ocrx_word' id='word_1_270' title='bbox 759 4813 814 4864; x_wconf 79' lang='lat' dir='ltr'><strong>tlaat</strong></span> <span class='ocrx_word' id='word_1_271' title='bbox 830 4809 929 4862; x_wconf 82' lang='lat' dir='ltr'><strong>“loco”</strong></span> <span class='ocrx_word' id='word_1_272' title='bbox 947 4812 968 4864; x_wconf 88' lang='lat' dir='ltr'><strong>is</strong></span> <span class='ocrx_word' id='word_1_273' title='bbox 1266 4815 1269 4821; x_wconf 85' lang='grc'><strong>“</strong></span> 
     </span>
    </p>
   </div>
   <div class='ocr_carea' id='block_1_4' title="bbox 0 0 1824 5842">
    <p class='ocr_par' dir='ltr' id='par_1_8' title="bbox 0 0 1824 5842">
     <span class='ocr_line' id='line_1_39' title="bbox 0 0 1824 5842; baseline 0 0"><span class='ocrx_word' id='word_1_274' title='bbox 0 0 1824 5842; x_wconf 95' lang='lat' dir='ltr'><strong> </strong></span> 
     </span>
    </p>
   </div>
  </div>
 </body>
</html>
