3588 5838
443 869 488 936 90
779 882 979 937 unursmuu
1000 885 1157 939 ssssrrn

274 1065 343 1122 AD·
359 1073 462 1121 ¹⁴⁵²·“
485 1074 521 1138 et
542 1072 774 1160 provisionum,
796 1078 876 1141 ante
905 1074 1031 1141 dictum
1059 1075 1149 1142 diem
1170 1073 1367 1140 Parusceues
1388 1073 1491 1140 facto·

444 1179 463 1210 “
485 1196 568 1259 rum,
585 1177 656 1244 sive
682 1177 856 1258 editorum,
880 1177 922 1244 de
943 1176 1245 1265 perquisitionibus,
1259 1175 1490 1264 acceptationi-

444 1285 463 1315 “
484 1278 555 1359 bus,
588 1280 793 1361 lectionibus,
824 1280 1112 1368 publicationibus,
1143 1279 1434 1361 notificationibus,
1455 1282 1491 1344 et

444 1389 462 1419 “
483 1383 742 1462 executionibus,
773 1383 1030 1471 quibuscunque,
1062 1403 1333 1471 quarumcunque
1360 1382 1490 1449 littera-

442 1489 461 1522 “
482 1507 565 1564 rum,
603 1485 775 1551 Bullarum
811 1485 1087 1573 Apostolicorum,
1123 1490 1202 1552 ante
1238 1486 1365 1551 dicium
1402 1484 1490 1550 diem

442 1592 460 1623 “
484 1586 687 1666 Parscceues,
702 1596 737 1654 ct
751 1588 899 1654 omnium
920 1587 1059 1654 aliorum
1074 1587 1293 1666 Statutorum,
1309 1587 1490 1653 ordinatio·

440 1697 459 1726 “
481 1711 570 1768 num,
593 1695 628 1757 et
649 1689 883 1776 provisionum,
905 1694 1071 1777 praetextu
1096 1710 1237 1775 quorum
1267 1689 1380 1776 aliqua
1401 1693 1490 1755 secta

442 1801 461 1880 ’ἔ
481 1813 597 1860 versus
628 1793 759 1859 cosdem
789 1792 954 1859 Abbatcm
986 1797 1021 1858 et
1043 1791 1254 1859 conventum
1284 1814 1344 1880 per
1374 1792 1489 1858 billum

440 1901 460 1934 “
481 1895 536 1962 vel
557 1896 737 1983 perbreve
759 1895 802 1961 de
825 1895 1039 1962 ‘Praemuniri
1061 1894 1180 1975 faciae}
1203 1915 1261 1961 seu
1292 1895 1358 1961 alio
1390 1894 1489 1962 modo

440 2003 459 2034 ⁴⁴
481 2018 683 2085 quocunque,
706 2019 767 2085 pro
789 1997 902 2083 aliqua
935 1995 1085 2076 materia,
1118 2003 1198 2064 ante
1230 1996 1369 2065 eundem
1400 1997 1487 2062 diem

439 2107 457 2136 ‘¹
480 2099 682 2178 Parasceues,
697 2099 771 2165 fieri
792 2099 912 2182 meat,
934 2120 1034 2187 quam
1057 2109 1326 2187 quorumcunque
1349 2099 1488 2165 aliorum

440 2206 459 2238 ⁸
481 2201 692 2268 Statutorum
714 2201 819 2268 factos
844 2202 915 2268 sive
938 2205 1154 2290 perpetratos,
1178 2201 1333 2283 Statutis,
1356 2203 1487 2268 ordina-

439 2309 458 2340 “
479 2304 635 2385 tionibus,
651 2309 687 2371 et
708 2305 949 2394 provisionibus
967 2305 1043 2383 illis,
1066 2325 1134 2370 non
1157 2303 1374 2372 obstantibus.
1408 2305 1488 2371 Pro-

438 2413 458 2445 “
479 2407 709 2495 visosemper,
732 2405 819 2493 quod
841 2427 985 2494 praesens
1014 2407 1215 2494 perdonatio,
1236 2407 1396 2488 remissio,
1417 2408 1488 2474 sive

439 2509 640 2576 “relaxatio
685 2513 806 2590 nostra,
845 2508 888 2575 ad
925 2509 1069 2596 aliquem
1106 2531 1165 2576 seu
1203 2509 1338 2596 aliquos,
1372 2531 1487 2576 versus

439 2621 458 2650 “
480 2634 586 2700 quem,
608 2632 666 2678 seu
688 2632 802 2678 versus
823 2610 1050 2698 quos,‘uliqua
1071 2616 1161 2678 secte
1182 2632 1225 2678 ex
1246 2617 1343 2699 parte
1364 2617 1486 2692 noema,

439 2722 456 2752 ‘⁶
478 2721 537 2782 aut
573 2714 711 2781 ulterius
747 2713 976 2800 eujmcmque,
1007 2735 1066 2801 per
1102 2712 1202 2781 breve
1238 2719 1398 2794 nostrum,
1427 2721 1488 2782 aut

438 2825 457 2855 “
478 2839 537 2906 per
569 2817 684 2884 billum
718 2815 759 2882 de
792 2815 1010 2882 ‘Praemuniri
1031 2815 1150 2896 facim?
1181 2816 1218 2880 in
1243 2816 1343 2883 Ousia
1374 2823 1488 2884 nostra

437 2930 457 2958 “
478 2942 586 2988 coram
608 2919 713 3001 nobis,
736 2923 796 2984 aut
826 2918 863 2984 in
893 2918 1004 3004 aliqua
1035 2917 1101 2983 alia
1123 2916 1224 2983 Curia
1254 2923 1375 2998 nostra,
1398 2919 1487 2988 dicto

438 3030 457 3060 ‘⁸
480 3023 534 3090 die
564 3023 766 3098 Parasceues,
793 3020 847 3087 vel
885 3021 998 3106 aliquo
1035 3019 1100 3085 alio
1137 3018 1191 3086 die
1227 3021 1312 3086 citra
1348 3021 1487 3088 Festum

437 3136 455 3164 “
476 3125 678 3192 Natiuitatis
712 3123 827 3190 Sancti
860 3121 1026 3189 Johannis
1060 3120 1232 3207 Baptista,
1267 3143 1355 3189 anno
1390 3126 1486 3211 regni

436 3236 454 3266 “
474 3228 581 3294 nostri
597 3227 750 3292 vicedmo
764 3244 861 3305 nono,
880 3229 915 3290 ct
936 3227 1015 3290 ante
1032 3223 1158 3289 dictum
1176 3223 1264 3289 diem
1281 3223 1485 3306 Parasceucs,

436 3341 454 3368 “
476 3332 518 3398 de
541 3327 835 3418 perquisitionibus
851 3325 1053 3393 Litterarum
1074 3331 1110 3392 ct
1131 3325 1303 3392 Bullarum
1319 3327 1486 3414 Apostoli·

436 3440 453 3471 “
476 3454 589 3500 carum
630 3429 902 3518 supradictarum,
945 3433 1060 3494 contra
1093 3427 1231 3494 formam
1262 3427 1483 3514 statutorum,

435 3545 454 3574 “
476 3535 733 3615 ordinationum,
750 3536 784 3599 et
798 3531 1023 3624 provisionum
1045 3530 1287 3618 praedictorum,
1304 3531 1409 3612 fectis
1423 3541 1485 3601 aut

435 3645 456 3676 “
478 3639 520 3705 de
556 3635 721 3724 aliquibus
759 3633 833 3700 aliis
870 3633 968 3700 rebus
1004 3631 1257 3721 peuquisitiones
1285 3633 1484 3720 hujusmodi,

436 3747 456 3780 “
479 3745 537 3808 aut
559 3739 705 3819 Statuta,
729 3735 961 3818 ordinationes,
977 3738 1013 3801 et
1035 3734 1239 3822 provisiones
1262 3734 1321 3802 illa
1343 3741 1484 3828 tangen-

436 3853 454 3882 “
476 3843 576 3922 tibus,
600 3841 775 3930 pendebat,
798 3838 908 3926 quoad
941 3837 985 3917 id,
1018 3837 1210 3904 nullatenus
1246 3859 1282 3904 se
1315 3841 1483 3908 extendat.

409 3940 453 3986 ““
475 3949 521 4013 Et
542 3946 684 4033 insuper,
707 3943 749 4010 de
770 3941 917 4008 liberiori
938 3940 1046 4028 gratia
1074 3943 1195 4019 nostra,
1218 3940 1482 4026 perdonavimus,

434 4058 452 4088 “
473 4047 667 4125 remisimus,
689 4051 724 4112 ot
752 4043 982 4122 relaxavimus,
1006 4041 1153 4130 praefatis
1183 4042 1310 4108 Abbati
1339 4049 1375 4110 et
1396 4045 1483 4112 Ocn-

434 4151 592 4220 “ventui
621 4149 825 4217 omnimodas
854 4167 968 4234 poenas
996 4149 1032 4211 et
1060 4144 1250 4232 punitiones
1278 4167 1367 4232 quas,
1391 4169 1482 4215 occa·

433 4263 451 4294 “
474 4255 620 4322 sionibus
642 4251 819 4340 praedictis,
833 4270 891 4316 seu
913 4269 1026 4314 earum
1047 4247 1168 4334 aliqua,
1192 4269 1270 4336 erga
1291 4270 1352 4316 nos
1372 4250 1482 4318 incur·

433 4367 451 4396 “
472 4380 544 4425 rere
565 4355 756 4432 1deberent,
776 4375 814 4419 ac
835 4373 948 4418 omnes
971 4353 1005 4416 et
1026 4350 1230 4417 omnimodus
1258 4351 1482 4422 forisfacturas

432 4468 451 4500 “
472 4467 645 4539 terrarum,
681 4459 955 4535 tenementorum,
992 4451 1195 4536 reddituum,
1232 4456 1480 4542 posscssionum,

432 4569 449 4600 “
471 4565 641 4642 bonorum,
656 4564 691 4627 ct
705 4557 906 4636 catellorum,
929 4577 1062 4622 suorum
1084 4576 1362 4646 quorumcunque,
1376 4559 1481 4641 nobis,

846 4809 854 4842 ¹
865 4807 962 4861 deberet
971 4809 999 4860 in
1009 4808 1066 4860 Ms.
