3668 5842
477 857 541 920 294
810 869 1006 920 anorsrnuu
1028 868 1187 920 sesana

307 1059 492 1113 A.D.14⁵s.“
515 1059 584 1120 tem
614 1058 650 1119 et
680 1053 888 1122 Conventum
917 1079 977 1143 per
1013 1057 1138 1140 biliam,
1169 1057 1225 1124 vel
1261 1078 1321 1145 per
1350 1057 1452 1125 breve
1483 1058 1526 1125 de

476 1162 492 1191 “
518 1157 729 1224 ‘Praevenire
759 1157 878 1238 facias,'
908 1181 966 1226 seu
995 1159 1060 1225 alio
1097 1161 1194 1227 modo
1224 1182 1428 1248 quoeunque,
1466 1182 1524 1248 pro

475 1267 492 1295 “
514 1259 626 1346 aliqua
640 1259 786 1340 materia,
801 1265 880 1327 ante
896 1262 1037 1328 eundem
1059 1263 1236 1350 septimum
1259 1263 1348 1329 diem
1361 1263 1386 1330 J
1387 1263 1525 1342 emnerii,

476 1368 493 1398 “
515 1363 589 1428 fieri
617 1363 736 1443 valeat,
765 1386 865 1450 quam
902 1386 1170 1453 quorumeunque
1204 1366 1343 1432 aliorum
1373 1365 1525 1432 Statuto·

476 1473 494 1500 “
514 1486 598 1543 rum,
621 1466 724 1531 fastos
747 1467 816 1532 sive
838 1472 1051 1555 perpetratos,
1075 1468 1230 1548 statutis,
1252 1469 1523 1549 ordinationibus,

476 1573 495 1602 “
516 1572 551 1633 et
582 1567 826 1654 provisionibus
857 1569 932 1648 illis,
955 1591 1024 1637 non
1061 1571 1279 1653 obstantibus,
1315 1573 1454 1639 Litteris
1490 1577 1525 1639 et

476 1675 493 1706 “
516 1669 621 1737 Bullis
659 1671 702 1738 de
739 1673 1014 1759 Exemptionibus
1052 1673 1221 1742 duntaxat
1264 1675 1418 1763 exeeptis.
1474 1674 1524 1741 Ao

475 1779 493 1808 “
516 1775 625 1853 etiam,
649 1776 912 1862 perdonavimus,
927 1776 1123 1859 remisimus,
1148 1782 1183 1843 et
1209 1778 1440 1855 relaxavimus,
1463 1778 1524 1843 eis·

474 1881 492 1912 “
515 1877 590 1942 dem
605 1877 731 1944 Abbati
753 1882 788 1943 et
810 1877 999 1944 Oonventui
1022 1879 1227 1946 omnimodos
1249 1881 1332 1946 fines
1358 1879 1525 1966 adjudica-

472 1985 491 2015 “
513 1984 574 2061 tos,
597 1979 861 2058 amerciamenta,
885 1981 995 2047 exitus
1010 1981 1201 2062 forisfassos,
1217 1983 1348 2062 relevio,
1365 1983 1523 2070 scutagia,

474 2089 492 2117 “
514 2103 552 2148 ao
589 2082 779 2149 omnimoda
815 2081 938 2165 debita,
977 2091 1137 2170 compota,
1167 2086 1325 2171 praestita,
1360 2085 1525 2172 arreragia

474 2183 681 2250 “firmarum
708 2189 743 2251 et
772 2191 1005 2273 oompotorum‚
1030 2187 1134 2265 nobis,
1157 2193 1236 2253 ante
1265 2188 1409 2275 primum
1436 2187 1523 2253 diem

472 2293 490 2322 “
513 2286 725 2374 Septembris,
748 2308 836 2352 anno
860 2288 954 2375 regni
977 2289 1083 2354 nostri
1106 2289 1272 2358 tricesimo
1287 2289 1394 2368 tertio,
1418 2290 1523 2374 quali·

472 2397 489 2425 “
512 2395 690 2476 terounque
717 2389 831 2456 debita
860 2394 895 2456 et
923 2392 1146 2478 pertinentia;
1171 2412 1299 2459 necnon
1321 2391 1524 2460 omnimodas

472 2501 489 2530 “
512 2493 657 2558 actiones
680 2496 715 2559 et
741 2493 928 2572 demandes,
952 2515 1034 2580 quas
1064 2516 1124 2560 nos
1154 2495 1250 2573 solus,
1281 2494 1336 2560 vel
1361 2517 1423 2560 nos
1447 2515 1524 2561 oon·

473 2602 492 2631 “
509 2595 654 2680 junctim
669 2617 743 2661 oum
761 2595 836 2660 aliis
858 2596 1014 2682 personis,
1030 2596 1081 2661 vel
1106 2597 1172 2662 alia
1193 2619 1339 2684 persona,
1355 2597 1521 2678 habemus,

473 2703 492 2734 ‘¹
514 2719 570 2764 seu
593 2697 713 2764 habere
735 2699 926 2785 poterimus,
940 2720 1054 2764 versus
1077 2698 1166 2786 ipsos
1188 2700 1357 2766 Abbatem
1380 2704 1415 2766 et
1437 2699 1523 2768 Gon-

472 2805 650 2867 “ventum
675 2821 735 2887 pro
767 2800 932 2886 aliquibus
961 2801 1151 2888 hujusmodi
1180 2802 1313 2884 finibus,
1344 2801 1524 2869 1amercia-

475 2910 493 2940 “
515 2904 644 2981 mentis,
683 2903 839 2981 exitibus,
877 2904 1019 2981 releviis,
1060 2905 1225 2990 scutagiis,
1266 2905 1395 2982 debitis,
1436 2927 1523 2970 oom-

474 3016 492 3044 “
514 3007 612 3094 potis,
640 3006 808 3092 praestitis,
838 3011 873 3071 et
902 3006 1083 3092 arreragiis,
1113 3012 1192 3072 ante
1220 3007 1346 3072 dietum
1378 3007 1523 3094 primum

472 3119 491 3147 “
513 3110 600 3175 diem
625 3108 828 3195 Septembris
854 3109 948 3174 nobis
972 3108 1115 3190 debitis3
1144 3131 1184 3175 ao
1205 3109 1315 3189 etiam,
1343 3109 1523 3197 utlagariae

471 3212 547 3276 “in
576 3212 664 3297 ipsos
693 3212 860 3278 Abbatem
890 3215 925 3277 et
962 3211 1172 3278 Oonventum
1198 3211 1433 3300 promulgatas,
1462 3234 1522 3299 pro

472 3320 489 3349 “
512 3313 624 3399 aliqua
638 3334 811 3378 causarum
829 3313 1091 3400 supradictarum
1106 3340 1114 3395 ;
1138 3315 1335 3382 omnimodis
1350 3313 1474 3380 debitis
1488 3319 1523 3380 et

472 3416 672 3503 “compotis
698 3415 793 3482 nobis
820 3417 942 3482 debitis
966 3421 1001 3482 et
1025 3410 1279 3504 pertinentibus,
1302 3438 1384 3502 quae,
1407 3417 1522 3504 vigore

471 3517 713 3583 “Litterarum
740 3525 927 3585 nostrarum
957 3519 1159 3598 Patentium,
1185 3541 1243 3585 seu
1269 3519 1421 3586 brevium
1447 3540 1521 3585 noa·

470 3629 489 3656 “
509 3625 637 3686 trorum
657 3622 698 3685 de
719 3621 841 3708 Magno
863 3623 918 3687 vel
938 3621 1074 3688 Privato
1092 3621 1217 3709 sigillo,
1232 3626 1293 3688 aut
1312 3644 1372 3710 per
1392 3622 1521 3688 estalla-

471 3733 489 3758 “
511 3727 625 3788 menta
655 3724 725 3789 sive
755 3724 1001 3810 assignationes,
1025 3729 1231 3811 respectuata
1264 3725 1422 3804 existunt,
1454 3747 1523 3791 om·

472 3832 490 3862 “
511 3826 590 3891 nino
618 3827 771 3913 exeeptis.
817 3826 863 3892 Et
892 3827 981 3914 quod
1010 3848 1154 3914 praesens
1183 3826 1378 3914 perdonatio
1399 3829 1520 3905 nostra,

471 3929 621 4014 “quoad
665 3929 840 4016 praemissa,
854 3985 858 3992 .
873 3937 935 3996 ‘seu
980 3929 1114 4016 aliquod
1158 3929 1408 4016 praemissorum,
1453 3951 1521 3995 non

468 4038 487 4068 “
510 4031 606 4098 sedat
636 4031 673 4096 in
696 4029 884 4111 2damnum,
920 4032 1158 4119 praejudicium,
1178 4033 1234 4099 vel
1264 4032 1521 4121 derogationem,

468 4139 486 4170 “
508 4133 647 4220 alicujus
669 4133 806 4200 alterius
823 4154 982 4221 personae,
1004 4156 1103 4220 quam
1125 4156 1274 4223 personae
1299 4142 1411 4202 nostre
1437 4135 1520 4201 dun-

467 4246 485 4274 “
506 4241 612 4319 taxat,
632 4258 693 4302 neo
712 4237 801 4323 quod
826 4258 969 4324 praesens
988 4239 1183 4325 perdonatio
1213 4243 1335 4317 nostra,
1365 4259 1426 4304 neo
1460 4238 1520 4304 ali-

469 4347 488 4375 “
511 4362 577 4426 qua
591 4339 778 4426 hujusmodi
795 4339 990 4427 perdonatio
1010 4345 1133 4419 nostra,
1154 4341 1198 4407 ad
1225 4342 1353 4428 aliquos
1382 4363 1520 4428 magnos

470 4453 487 4477 ‘¹
510 4440 758 4530 lcomputantes
779 4447 915 4522 nostros,
937 4443 995 4530 qui
1021 4464 1111 4510 nuno
1137 4447 1225 4521 sunt,
1251 4444 1306 4511 vel
1332 4429 1391 4531 bui
1415 4465 1520 4532 nuper

470 4623 581 4630 --.—.-.
785 4625 806 4630 --
845 4625 888 4630 -.-
934 4623 965 4628 -—
972 4623 1084 4629 -—--——
1137 4623 1248 4628 ——--—-
1260 4625 1267 4628 -
1275 4623 1290 4628 -

502 4729 745 4781 ¹amerciamealr'bue
768 4730 793 4780 in
819 4729 894 4790 MS.;
919 4729 971 4780 evi·
1052 4727 1201 4795 ²‹iurapruuu
1213 4730 1239 4780 in
1251 4730 1307 4782 MS.

468 4810 563 4876 dently,
574 4825 606 4860 au
619 4809 754 4874 oversight.
1051 4809 1062 4841 ³
1073 4817 1219 4874 cataplasma
1230 4809 1256 4860 in
1267 4810 1323 4860 MS.
