3668 5842
484 867 548 932 236
819 881 1018 932 snomrnmr
1039 879 1198 932 ssusrrn

312 1071 502 1130 A.1).1⁴⁵o.“
523 1072 673 1132 mentum
712 1087 817 1154 nuper
856 1063 1090 1134 Bartholomaei
1129 1066 1318 1156 Frestlyng,
1354 1090 1397 1135 ex
1437 1073 1532 1156 purte

482 1176 501 1205 “
524 1168 696 1247 Orientali,
711 1173 746 1234 et
760 1168 875 1234 ksium
891 1174 1044 1235 voratum
1064 1167 1367 1259 ‘Esterlynghelle’
1382 1192 1425 1236 ex
1439 1175 1532 1258 perte

481 1278 499 1306 ‘⁴
523 1271 736 1350 Occidentali,
767 1277 801 1338 et
827 1292 947 1358 equum
971 1271 1155 1353 Thomisiae,
1181 1293 1224 1338 ex
1249 1278 1344 1360 purte
1373 1274 1531 1352 Australi,

480 1379 555 1441 “et
580 1379 807 1440 tenementum
837 1395 943 1460 nuper
968 1373 1138 1461 Rudulphi
1162 1373 1345 1460 Blekeney,
1370 1398 1413 1442 ex
1438 1381 1532 1464 perte

478 1485 496 1514 “
517 1477 723 1564 Aquilonari,
747 1475 826 1542 dare
852 1475 989 1563 possint,
1016 1481 1051 1541 et
1074 1477 1257 1556 eonoedere,
1279 1477 1437 1560 Johunni,
1462 1478 1532 1544 Ab·

479 1587 497 1615 “
519 1579 591 1644 beti
607 1579 641 1643 Μ
644 1578 807 1656 onasterii,
824 1577 893 1644 sive
908 1577 1096 1658 Abbsthiae,
1118 1577 1233 1645 Sancti
1248 1579 1380 1658 Albani,
1397 1579 1438 1646 de
1452 1580 1532 1646 ville

479 1688 497 1718 ‘¹
519 1681 560 1748 do
579 1682 701 1748 Sancto
724 1681 866 1762 Albano,
889 1685 924 1746 et
944 1680 1091 1767 ejusdem
1111 1680 1175 1747 loci
1195 1681 1392 1764 Oonventui,
1408 1682 1530 1749 heben-

356 1847 369 1876 ,
478 1793 497 1820 “
519 1784 599 1851 dum
623 1790 658 1851 et
681 1784 863 1852 tenendum
886 1783 950 1849 eibi
969 1789 1004 1850 et
1021 1783 1261 1850 suecessoribus
1283 1785 1359 1862 suis,
1384 1783 1443 1851 ¹in
1458 1806 1530 1872 per·

478 1895 495 1922 ‘¹
518 1891 663 1973 petuum.
710 1887 755 1954 Et
785 1885 938 1952 similiter
968 1885 1083 1952 dieunt
1113 1885 1214 1952 iidem
1233 1886 1409 1973 juratores,
1441 1889 1530 1974 quod

467 1995 497 2041 1“
520 1989 733 2076 mesuagium,
762 1987 832 2054 sive
859 1992 1094 2067 tenementum,
1118 1987 1323 2074 praedictum,
1347 2012 1423 2055 eum
1452 1991 1530 2055 ksio

480 2100 497 2128 ‘⁸
522 2092 704 2180 adjacente,
729 2089 890 2158 ’tenetur
914 2089 955 2154 de
979 2089 1069 2155 dicto
1094 2089 1238 2155 Domino
1262 2089 1353 2178 Rege
1369 2092 1406 2156 in
1429 2091 1531 2158 libem

478 2200 497 2228 “
519 2192 688 2282 burgagio,
708 2191 795 2258 sicut
808 2196 882 2258 toto
897 2191 1015 2282 civitas
1032 2191 1278 2258 Londonierum
1294 2197 1436 2259 tenetur.
1481 2193 1528 2260 Et

478 2303 496 2332 “
518 2297 607 2384 quod
636 2297 723 2363 idem
747 2295 960 2382 mesuagium,
987 2294 1058 2360 sive
1085 2299 1320 2374 tenementum,
1347 2317 1422 2362 eum
1451 2295 1529 2362 keio

478 2407 496 2435 “
517 2398 675 2485 proedicto
699 2397 878 2484 adjeeente,
893 2396 985 2463 velet
1010 2417 1069 2484 per
1092 2418 1218 2462 annum
1242 2398 1278 2463 in
1293 2399 1445 2465 omnibus
1459 2399 1528 2464 exi-

476 2508 496 2538 “
516 2503 614 2581 tibus,
640 2501 743 2589 juxte
771 2521 887 2565 verum
916 2499 1062 2564 valorem
1093 2499 1280 2580 eorundem,
1311 2507 1385 2568 octo
1419 2501 1529 2568 libras

478 2611 496 2642 “
519 2605 565 2669 Et
589 2603 677 2691 quod
691 2603 776 2668 nulli
795 2602 864 2668 sint
889 2601 990 2668 medii
1013 2601 1242 2667 interdictum
1269 2600 1449 2668 Dominum
1466 2601 1530 2670 Re·

476 2716 591 2794 “gem
620 2712 654 2772 et
682 2704 837 2793 praefetos
867 2703 1046 2770 Dominum
1066 2702 1280 2790 Redulphum
1308 2704 1463 2770 Bottiller
1493 2711 1529 2772 et

479 2815 503 2845 “'
519 2809 706 2875 Johonnem
736 2806 867 2884 Hende,
891 2805 932 2871 de
963 2804 1140 2892 mesuagio,
1170 2805 1241 2871 sive
1263 2809 1462 2883 tenemento,
1493 2813 1528 2873 et

477 2918 495 2949 “
518 2911 602 2988 taio,
624 2909 803 2996 praediotis.
860 2908 906 2973 Et
928 2906 1017 2994 quod
1040 2911 1212 2972 remanent
1239 2906 1328 2974 dioto
1352 2907 1527 2996 Redulpho

477 3020 494 3050 “
516 3011 679 3094 Bottiller,
702 3012 792 3076 ultro
815 3009 1028 3076 donationem
1051 3015 1085 3074 et
1109 3009 1347 3076 conoessionem
1362 3010 1445 3088 illos,
1461 3012 1528 3077 tris

477 3123 495 3152 ‘⁸
518 3114 692 3203 mesnagis,
719 3135 793 3179 eum
818 3111 1036 3200 pertinentiis,
1057 3111 1093 3176 in
1120 3110 1281 3178 Poroehie
1304 3111 1435 3178 Senetae
1451 3113 1527 3178 Mil·

476 3227 494 3254 “
516 3219 626 3284 dredae
653 3217 690 3281 in
714 3215 869 3298 Poletrie,
884 3213 1140 3292 Londonierum‚
1162 3235 1236 3299 quse
1258 3213 1372 3280 velent
1394 3237 1451 3303 per
1465 3237 1527 3280 en·

477 3327 495 3357 “
517 3341 598 3385 num
613 3319 648 3384 in
665 3318 817 3384 omnibus
837 3316 990 3395 exitibus,
1000 3315 1103 3402 juxta
1117 3337 1233 3381 verum
1248 3315 1395 3383 valorem
1410 3337 1527 3383 eorun-

475 3422 590 3486 “dem
627 3420 877 3506 mesuagiorum,
913 3417 1037 3506 viginti
1070 3439 1222 3498 meroes3
1262 3441 1336 3505 quae
1374 3419 1528 3486 similiter

475 3527 673 3589 “tenentur
699 3521 740 3587 de
764 3520 853 3624 dicto
878 3519 1022 3585 Domino
1044 3517 1133 3606 Rege
1163 3521 1200 3584 in
1226 3519 1331 3586 libero
1357 3519 1527 3609 burgagio,

476 3635 493 3662 “
515 3625 601 3690 sieut
630 3629 702 3690 tote
736 3622 854 3688 civitae
884 3622 1130 3688 Londoniarum
1162 3627 1305 3690 tenetur.
1363 3623 1410 3687 Et
1438 3623 1527 3710 quod

475 3733 492 3762 “
515 3726 668 3792 similiter
691 3729 864 3792 remanent
884 3723 1024 3810 praefeto
1043 3722 1067 3788 J
1070 3723 1191 3788 ohenni
1218 3723 1346 3804 Hende,
1366 3723 1454 3790 ultra
1469 3725 1527 3790 do-

473 3839 492 3866 “
514 3829 684 3895 notionem
707 3831 741 3894 et
761 3826 999 3893 eoncessionem
1018 3825 1201 3912 preedictes,
1223 3825 1288 3891 tris
1308 3826 1374 3892 alia
1399 3849 1525 3894 mesua-

474 3941 492 3970 “
514 3932 571 4020 gie
596 3931 631 3996 in
656 3930 817 4020 praedicte
832 3927 992 3994 Paroohie
1016 3925 1147 3994 Senotae
1175 3927 1348 3994 Mildredae
1372 3928 1407 3993 in
1430 3929 1525 3996 Pole-

476 4042 494 4072 “
516 4035 591 4113 tria,
612 4033 863 4113 Londoninrum,
878 4052 953 4118 quse
968 4029 1083 4095 velent
1104 4050 1162 4116 per
1181 4051 1306 4094 annum
1322 4029 1358 4094 in
1373 4030 1525 4098 omnibus

475 4147 492 4174 “
514 4136 669 4213 exitibus,
692 4135 793 4221 juxte
818 4154 933 4199 verum
957 4132 1104 4228 uelorem
1134 4131 1312 4198 eorundem
1343 4135 1524 4222 mesuagio-

475 4249 493 4277 “
515 4262 599 4320 rum,
633 4237 752 4325 viginti
782 4257 926 4316 marcos3
957 4239 992 4300 et
1021 4255 1096 4321 quse
1121 4233 1273 4299 similiter
1296 4239 1454 4301 tenentur
1483 4236 1524 4303 de

474 4349 493 4380 “
516 4341 604 4408 dioto
623 4340 768 4406 Domino
784 4337 873 4425 Rege
889 4337 924 4403 in
938 4336 1043 4402 libero
1063 4335 1232 4424 burgagio,
1253 4336 1338 4402 ment
1355 4341 1428 4402 tote
1442 4337 1523 4404 eivi-

474 4453 491 4481 “
514 4451 565 4512 tus
585 4441 830 4508 Londoniorum
852 4444 993 4506 tenetur.
1040 4439 1085 4503 Et
1108 4437 1196 4524 quod
1219 4437 1331 4504 endem
1355 4441 1524 4528 mesuagio

473 4554 492 4583 ‘⁸
515 4545 662 4635 praefetis
698 4541 872 4630 Rudulpho
904 4539 1061 4610 Bottiller
1090 4546 1126 4607 et
1147 4539 1171 4606 J
1173 4539 1296 4606 otenni
1326 4540 1453 4621 Hende,
1483 4547 1523 4609 ut

475 4713 713 4723 -————---
987 4707 1195 4716 „t—.-——.-

508 4792 514 4824 ¹
528 4793 697 4858 imperpetuum
707 4790 734 4841 in
746 4789 802 4841 MS.
990 4788 995 4854 Ι
1040 4786 1051 4820 ’·“
1063 4793 1173 4836 tenentur
1182 4784 1209 4836 in
1221 4785 1278 4837 MS.
