3640 5842
533 921 707 973 cossurus
729 921 1014 972 unmaausruou
1037 922 1213 974 sacurma.
1329 909 1392 974 331

343 1113 379 1175 et
401 1107 511 1189 ultra3
542 1105 703 1195 captivati
725 1127 804 1172 vero
826 1109 877 1172 tot
908 1105 944 1170 in
966 1127 1112 1185 numero,
1134 1112 1215 1193 quot
1237 1107 1281 1172 ad
1312 1106 1393 1172 reci·
1405 1130 1472 1182 Am.
1489 1133 1561 1199 1⁴5⁹„

345 1210 502 1299 piendum
524 1209 585 1275 vix
606 1208 751 1275 sufficere
780 1211 935 1295 poterant
957 1229 1099 1276 carceres
1122 1230 1234 1275 omnes
1255 1209 1292 1274 in
1318 1229 1392 1296 par·

344 1314 435 1379 tibus
467 1311 542 1390 illis,
568 1311 606 1376 in
638 1311 763 1377 salvam
795 1331 1004 1398 securamque
1037 1313 1218 1378 custodiam
1252 1312 1392 1378 illorum.

346 1413 447 1480 Valor
468 1414 589 1501 quippe
618 1413 747 1500 praedae,
773 1433 832 1500 pro
857 1417 938 1479 tunc
960 1418 1074 1500 captas,
1104 1414 1204 1499 juxta
1235 1419 1394 1501 supputa·

344 1515 470 1582 tionem
496 1515 680 1580 doctiorum
710 1515 976 1601 appretiatorum,
999 1515 1089 1581 ultra
1115 1518 1150 1581 et
1183 1537 1281 1603 supra
1306 1537 1394 1581 sum-

346 1639 432 1682 mam
471 1617 581 1683 decem
619 1615 759 1681 millium
792 1615 950 1682 librarum
988 1615 1111 1682 dicitur
1144 1616 1391 1684 transcendisse.

347 1719 443 1801 Quod
465 1719 565 1785 etiam
587 1739 629 1783 ex
655 1718 716 1785 hoc
737 1717 843 1804 magis
865 1717 1036 1785 evidenter
1058 1719 1245 1785 conclusum
1276 1718 1392 1796 fueret,

344 1827 380 1887 et
413 1821 680 1907 conjecturatum,
716 1820 792 1908 quia
829 1821 999 1906 posterius,
1032 1820 1096 1885 etsi
1133 1841 1339 1906 nequaquam
1374 1843 1394 1885 a

345 1923 454 1989 fructu
479 1923 638 1988 frumenti
670 1926 704 1987 et
726 1920 871 2000 ¹hordei,
895 1920 967 1987 vini
993 1926 1114 2001 tamen,
1139 1929 1174 1988 et
1206 1922 1277 2000 olei,
1300 1941 1392 2000 oerae,

345 2025 433 2104 ferri,
449 2028 484 2091 et
504 2024 606 2111 panni
628 2023 720 2089 aurei
742 2025 847 2110 magis
869 2023 1013 2110 pretiosi,
1037 2023 1258 2111 multiplicata
1280 2023 1393 2089 taliter

344 2131 417 2193 tota
439 2125 570 2215 ²patria
591 2119 706 2204 fuerat,
722 2125 810 2211 quod
832 2127 889 2211 qui
912 2126 1063 2191 voluerat
1085 2126 1198 2192 venire
1221 2131 1255 2192 et
1277 2147 1392 2204 emero,

345 2229 419 2315 plus
440 2249 501 2314 pro
523 2249 590 2293 uno
612 2227 725 2309 solido,
742 2247 840 2314 quam
862 2227 955 2314 prius
977 2249 1036 2315 pro
1055 2227 1190 2306 duobus,
1205 2249 1393 2316 comparare

343 2330 484 2396 volebat

390 2432 488 2497 Dicto
503 2431 607 2519 igitur
621 2431 795 2510 Amarallo
811 2451 869 2517 pro
892 2435 961 2496 tam
983 2432 1101 2519 pingui
1120 2433 1232 2519 spolio,
1248 2433 1285 2497 in
1307 2455 1392 2499 corn-
1403 2443 1556 2508 Expresnon

344 2535 478 2602 modum
507 2533 609 2621 regni,
634 2532 778 2598 Kalisius
808 2538 989 2620 apportato,
1012 2535 1081 2599 sint
1111 2534 1190 2612 laus,
1221 2535 1334 2614 honor,
1358 2511 1509 2601 etofgoou

345 2642 498 2725 potestas,
516 2637 560 2702 sit
582 2657 745 2702 successus
767 2655 910 2722 prosper,
927 2639 1128 2722 eventusque
1151 2637 1252 2717 felix3
1275 2637 1319 2702 sit
1340 2639 1392 2702 in·
1403 2578 1544 2696 ffli'tufflrg

344 2761 442 2827 super
463 2739 519 2804 ille
541 2737 713 2816 Dominus,
736 2737 828 2823 cujus
855 2759 974 2803 nornen
996 2742 1045 2804 est
1069 2739 1294 2825 Omnipotens,
1319 2725 1502 2828 pro-{iffi³⁸

345 2847 509 2929 pugnator
530 2840 633 2928 ipsius
663 2853 775 2904 contra
796 2839 915 2919 hostes,
937 2861 1003 2905 non
1034 2839 1193 2926 aliterque
1218 2842 1392 2908 conturbet
1403 2858 1551 2908 conqueror.

343 2966 407 3022 eos,
434 2965 532 3030 quam
564 2941 688 3006 dudum
718 2940 973 3006 conturbaverat
1002 2941 1165 3028 principes
1195 2943 1309 3023 Edom,
1340 2965 1392 3008 ro·

344 3045 521 3130 bustosque
544 3043 642 3109 Moab
665 3041 838 3108 terrefeoit.

344 3351 525 3437 Iaprcsauc
562 3349 742 3436 cujusdam
779 3348 900 3434 Lepota'
936 3348 1083 3416 Domini
1119 3350 1308 3438 Apostohoi
1348 3353 1392 3420 a'ro

434 3473 581 3538 soporem
602 3451 768 3538 Aspara·
798 3471 965 3537 causaque
988 3451 1045 3516 sai
1072 3451 1247 3532 adeamus,
1270 3462 1300 3522 et
1325 3477 1391 3542 pro

435 3554 533 3640 capa
553 3554 707 3620 materies
729 3552 946 3640 expeditione.

390 3700 508 3770 ³Oirca
538 3702 625 3769 idem
663 3709 801 3791 tempus,
833 3704 891 3768 sed
928 3703 1093 3792 paulisper
1126 3713 1202 3772 ante
1240 3708 1390 3775 altiorem
1403 3723 1562 3790 TheBahop

344 3827 512 3874 ascensum
533 3805 618 3884 solis,
634 3806 711 3892 quia
733 3809 852 3891 quarto
875 3805 928 3870 die
951 3809 1071 3871 mensis
1086 3808 1110 3873 J
1113 3809 1191 3886 unii,
1205 3810 1390 3877 intraverat
1401 3791 1540 3908 ἓξὲᾞξξο

344 3909 381 3973 in
396 3908 551 3995 Angliam
571 3908 704 3994 quidam
722 3907 874 3992 Legatus,
898 3929 938 3972 ex
960 3913 1054 3994 parte
1069 3908 1239 3975 Pontificis
1254 3912 1391 3992 Summi,
1402 3924 1562 3988 anglenam

345 4011 478 4077 nomine
501 4014 535 4074 et
558 4009 729 4096 dignitate,
754 4017 770 4046 ‘⁴
780 4008 973 4076 Franciscus
995 4006 1036 4074 de
1051 4009 1198 4096 Cupinis,
1214 4013 1392 4101 Episcopus
1403 3991 1522 4106 ssffie

347 4121 363 4147 ‘¹
380 4112 603 4176 Interanensis
615 4111 634 4136 ’'
656 4115 873 4198 nuncupatus,
890 4111 955 4196 qui,
976 4110 1054 4177 licet
1076 4110 1112 4175 in
1133 4117 1262 4178 statura
1283 4115 1393 4182 brevis
1404 4124 1481 4187 Pope.

346 4213 454 4292 fuerit,
478 4219 511 4279 et
537 4213 684 4300 pusillus,
707 4233 774 4292 nec,
799 4218 961 4298 quantum
991 4213 1034 4278 ad
1064 4213 1259 4279 exteriorem
1290 4216 1393 4283 homi·

345 4337 430 4393 nem,
453 4314 598 4381 multum
628 4315 720 4378 inse
750 4313 945 4401 spectabilis,
968 4314 1020 4378 vir
1041 4319 1154 4380 tamen
1177 4322 1249 4382 erat
1271 4319 1394 4387 vivacis

345 4417 483 4505 ingenii,
506 4417 615 4504 sicque
649 4417 685 4481 in
720 4439 754 4482 se
785 4415 944 4482 facundus
978 4421 1012 4482 et
1045 4417 1208 4503 eloquens,
1232 4422 1320 4506 quod
1350 4424 1393 4489 ad

347 4520 455 4585 instar
476 4520 559 4585 roris
583 4519 749 4585 defluebat
772 4519 938 4605 eloquium
962 4541 982 4583 a
1004 4517 1100 4584 labiis
1124 4521 1188 4585 oris
1210 4523 1268 4588 sui.

381 4719 575 4771 rmffiinms,
929 4716 1067 4769 ³'lt1efirst
1079 4719 1305 4785 letterisomitted3
1324 4731 1350 4775 tc
1362 4727 1394 4777 be

380 4797 564 4864 swainus,
867 4831 868 4838 κ
897 4797 1233 4863 suppliedinillnminstion.
