3588 5838
453 877 495 942 96
790 889 986 941 nnsnrsun
1009 889 1168 942 sussrrn

280 1077 349 1132 AD·
365 1085 437 1134 ¹⁴⁵³·
451 1081 537 1156 tone,
576 1083 713 1164 patruus
746 1077 843 1144 istius
881 1077 1016 1144 Thonue
1047 1076 1260 1164 Beringtone,
1290 1078 1327 1152 in
1368 1099 1502 1146 uxorem

450 1178 578 1260 hebuit,
608 1178 726 1246 horum
764 1185 928 1246 terrarum
969 1184 1004 1246 et
1039 1184 1303 1247 tenementorum
1332 1181 1503 1270 originalis

450 1302 613 1367 possessor
645 1281 719 1362 suit,
750 1281 957 1368 qualiterque
989 1282 1032 1346 sb
1061 1281 1133 1368 ipso
1163 1282 1402 1350 demandarunt
1427 1284 1503 1370 jure

449 1382 657 1450 haerediturio
678 1384 722 1449 ud
739 1404 833 1450 suum
853 1383 966 1464 filium,
982 1383 1055 1470 jum
1071 1383 1205 1464 dietum,
1220 1385 1263 1452 ub
1286 1386 1359 1472 ipsu
1373 1385 1444 1452 filis
1459 1384 1502 1451 sd

449 1507 545 1550 suum
569 1485 686 1576 filium,
706 1485 750 1552 sb
773 1486 902 1573 istoque
918 1485 988 1552 iilio
1010 1486 1054 1551 sd
1075 1485 1183 1552 filium
1202 1487 1302 1567 illius,
1327 1487 1386 1574 qui
1414 1487 1502 1556 filius

445 1585 515 1673 jorn
535 1609 642 1676 nuper
658 1587 695 1653 in
715 1592 816 1654 aetute
836 1593 951 1655 tenere
971 1585 1066 1669 obiit,
1086 1609 1146 1655 nee
1166 1589 1329 1656 hoeredem
1350 1589 1502 1677 aliquem,

449 1689 567 1756 saltem
589 1690 632 1756 de
651 1689 782 1768 semine,
798 1690 869 1756 sive
883 1689 1045 1777 progenie,
1061 1690 1193 1776 praeinti
1207 1690 1231 1758 J
1232 1690 1372 1758 ohannis
1387 1691 1503 1758 Swon-

449 1790 563 1871 burne,
584 1792 700 1878 proavi
722 1791 783 1870 sui,
806 1798 937 1879 postne
959 1789 1023 1858 sibi
1045 1791 1204 1879 reliquit;
1234 1815 1344 1880 quere,
1367 1797 1438 1860 torn
1461 1794 1502 1860 de

444 1892 530 1979 jure,
554 1915 656 1980 quern
679 1893 721 1960 de
743 1893 980 1960 eonsuetudine
1001 1893 1105 1980 regni,
1128 1893 1286 1961 deberent
1312 1897 1423 1960 omnis
1444 1895 1502 1963 ills

448 2000 546 2062 terrae
568 2001 604 2062 et
631 2000 831 2076 tenemento,
856 1995 953 2062 modo
983 1995 1082 2076 diets,
1106 1995 1185 2082 quin
1215 1997 1367 2064 dominus
1396 1997 1501 2076 fundi,

449 2097 521 2164 sive
542 2097 630 2164 feodi
652 2099 850 2190 principalis,
872 2098 991 2181 fueret,
1012 2099 1056 2164 ed
1078 2120 1196 2165 munus
1218 2099 1289 2185 ejus
1310 2100 1474 2167 devenire.

277 2211 333 2262 ‘luo
346 2209 431 2290 sotor
495 2200 622 2281 Quibus
651 2200 835 2289 compertis,
865 2205 901 2267 et
931 2222 990 2288 pro
1019 2205 1109 2268 certo
1139 2201 1274 2284 habitis,
1304 2202 1396 2268 misit
1426 2225 1500 2269 oum

278 2277 431 2409 ἓξὲξ,
450 2301 662 2370 festinatione
696 2325 793 2370 suum
827 2301 1047 2370 Senesoellum
1082 2303 1125 2370 ud
1162 2303 1330 2384 itonam,
1353 2306 1501 2393 superius

278 2417 417 2543 w
449 2411 748 2486 commemoratum,
772 2405 1017 2492 declar-eritque
1039 2405 1071 2471 ei
1093 2405 1199 2492 primo
1222 2428 1319 2472 suum
1339 2406 1501 2486 titulum3

277 2551 347 2604 rone,
360 2558 389 2595 a·
448 2507 576 2587 deinde,
606 2507 694 2574 faeta
726 2507 955 2587 declaratione,
976 2508 1163 2595 requisivit,
1194 2514 1234 2575 ut
1265 2509 1498 2597 possessionem

278 2611 405 2688 oepgsu·
449 2631 542 2675 susm
564 2610 773 2697 relinqueret,
795 2610 1068 2698 permitteretque
1089 2610 1198 2698 ipsum
1220 2611 1353 2698 puoifioe
1375 2612 1500 2677 intrare

277 2676 425 2794 mlii?
448 2711 485 2778 in
511 2711 568 2798 jus
599 2735 702 2782 suum.
751 2712 975 2800 Exssperatus
1005 2719 1118 2778 nutem
1140 2713 1282 2779 Thomes
1304 2714 1414 2780 dietus
1435 2714 1499 2779 hiis

447 2815 569 2898 verbis,
592 2815 703 2903 potius
725 2835 825 2904 quum
848 2815 891 2880 ud
916 2813 1101 2881 faciendum
1122 2813 1291 2900 justitium
1311 2816 1498 2897 inclinatus,

445 2919 666 3006 respondebat
696 2917 877 3006 ampullose
910 2917 1000 2997 sutis,
1035 2917 1359 3034 oomrninubuturque
1389 2918 1498 2985 verbis

445 3021 722 3212 mittit
742 3025 909 3190 {tlt
928 3019 1498 3209 iliinlwrilfliiiiimii

446 3230 607 3292 aetemum
628 3224 789 3291 haberent
806 3223 864 3310 jus
885 3245 982 3290 suum
1004 3227 1120 3290 contre
1142 3223 1318 3303 eeclesiam,
1340 3245 1498 3311 suumque

276 3346 419 3423 Uponeer-
446 3348 588 3418 ouussm,
614 3325 805 3413 justificare.
851 3324 975 3407 Abbos,
997 3325 1068 3392 haeo
1101 3325 1246 3406 audiens,
1280 3333 1315 3393 et
1348 3325 1497 3392 dominn-

276 3412 435 3530 ffiffi'i'
446 3429 571 3494 tionem
608 3427 675 3493 illis
713 3425 829 3493 diebus
867 3426 1010 3494 multum
1047 3449 1183 3494 everam
1222 3427 1496 3516 ambitiosumque

277 3495 419 3606 rursusney
446 3551 515 3596 osso
536 3528 732 3618 intelligens,
755 3529 871 3595 utilius
897 3530 941 3595 ud
970 3534 1101 3617 tempus
1131 3531 1339 3617 supersedere
1367 3532 1496 3598 oensuit

276 3613 365 3729 {ffl
446 3653 546 3719 quem
575 3631 726 3720 prosequi
748 3641 996 3720 perseveranter
1024 3631 1175 3710 ulterius,
1204 3637 1340 3721 propter
1368 3634 1496 3721 perieu-

276 3681 368 3807 iuoke)
445 3735 514 3800 lum
545 3735 634 3822 quod
671 3735 842 3800 imminere
873 3733 1050 3802 intellexit.
1104 3734 1223 3821 Sisque
1262 3735 1495 3823 supersedebat

275 3819 434 3943 mor
445 3858 503 3924 per
517 3842 647 3925 tempus
669 3858 737 3903 non
759 3836 932 3919 modicum,
954 3836 1123 3926 usquead
1145 3836 1242 3917 diem,
1265 3837 1428 3918 videlieet,
1442 3839 1494 3905 sui

275 3945 394 4076 Ψ·
444 3939 601 4022 deoessus,
616 3961 676 4006 neo
689 3938 832 4006 multum
855 3937 1029 4008 efficaciter
1050 3938 1215 4006 laboravit
1237 3940 1281 4005 sd
1302 3961 1495 4028 recuperen-

274 4157 429 4226 Bm'ngsne
444 4042 818 4212 dulnRJellseullltlmlumen
840 4143 993 4210 Johsnne
1016 4143 1127 4223 Sexto,
1145 4165 1323 4232 rursusque
1345 4145 1492 4234 regimen

274 4241 395 4342 &¹¹3⁸
444 4247 587 4315 eoelesiae
623 4247 660 4312 in
691 4268 726 4314 se
762 4247 970 4334 suscipiente,
1005 4245 1126 4312 sooidit
1164 4245 1322 4312 Thomem
1355 4246 1490 4326 dietum,

274 4355 346 4408 John
444 4349 674 4416 Vioeoomitem
705 4348 892 4416 (lomiletus
921 4352 1083 4435 protunc
1112 4346 1276 4426 effectum,
1307 4349 1350 4413 nd
1380 4355 1491 4436 partes

274 4423 424 4556 fflffl'
443 4451 601 4530 sooedere,
624 4451 802 4538 venireque
824 4449 867 4515 sd
894 4449 1142 4530 Monssterium,
1166 4470 1205 4515 uo
1234 4470 1293 4536 per
1321 4449 1409 4516 diem
1439 4452 1491 4516 in.

273 4557 397 4688 ἒχω-
443 4559 573 4643 togmm
605 4574 680 4620 oum
702 4552 834 4620 Abboto
856 4551 953 4631 dioto,
976 4551 1030 4618 oui
1051 4552 1094 4619 ub
1116 4551 1256 4639 antiquo
1278 4551 1363 4618 bene
1392 4560 1491 4620 notus

558 4809 1371 4876 ¹Thetlrrtletteronittotl3tobemppllediuillnminstion.
