3582 5838
451 890 516 952 222
783 901 983 953 nuo1sranrr
1005 901 1160 954 nummu

280 1103 350 1157 An).
364 1111 437 1157 14⁵6.
494 1095 512 1124 “
520 1087 656 1167 Audivi,
678 1088 877 1154 venerabilis
906 1088 1007 1154 Pater
1036 1093 1070 1155 et
1100 1089 1252 1167 Domine,
1274 1089 1389 1156 audivi
1418 1111 1497 1177 quo·

280 1190 429 1270 HisLecer,
451 1197 467 1226 “
489 1191 586 1256 modo
601 1212 661 1278 per
673 1196 821 1257 vestram
837 1190 1038 1256 industriam
1053 1190 1242 1258 conclusum
1257 1191 1302 1257 sit
1313 1191 1384 1277 jam
1393 1213 1498 1279 nuper

280 1258 382 1377 iffi?
395 1275 437 1310 ω’
450 1301 466 1330 “
488 1294 525 1360 in
547 1293 686 1362 materia
706 1293 766 1360 illa
787 1315 847 1380 pro
863 1315 929 1381 qua
950 1292 1085 1360 1institi
1106 1294 1226 1381 soepius
1247 1295 1339 1382 apud
1360 1313 1441 1376 voe;
1463 1298 1497 1360 et

449 1407 466 1432 “
488 1397 569 1464 satie
591 1398 754 1477 ardenter,
782 1402 823 1463 ut
852 1397 889 1462 in
922 1397 995 1484 ipsa
1017 1397 1273 1478 concluderetur,
1300 1397 1498 1472 desideravit

449 1500 600 1566 “anima
630 1521 713 1581 mea,
744 1520 812 1566 non
843 1500 959 1579 solum,
993 1500 1090 1566 novit
1121 1499 1305 1588 profundus
1328 1499 1498 1566 Scrutatur

449 1611 466 1638 “
488 1602 644 1681 cordium,
658 1603 695 1668 in
717 1603 962 1669 libertationem
975 1602 1042 1668 mei
1068 1603 1217 1685 manerii,
1240 1601 1367 1669 ²immo
1388 1603 1497 1680 etiam,

448 1712 466 1740 ‘¹
488 1707 525 1771 in
556 1705 794 1772 recurationem
829 1705 934 1771 vestri
964 1705 1166 1785 monasterii,
1198 1711 1234 1772 et
1266 1727 1309 1772 ne
1334 1705 1498 1772 haberetis

448 1816 464 1844 “
486 1829 555 1890 vos,
578 1812 638 1874 aut
659 1808 765 1874 vestri
795 1807 914 1873 fratrea
949 1805 1007 1873 'in
1036 1813 1214 1894 porterum,
1237 1811 1373 1896 propter
1392 1809 1497 1895 ipsius

446 1917 466 1948 “
487 1911 765 1998 perquisitionam,
797 1908 902 1976 *mihi
932 1911 1105 1976 materiam
1134 1910 1360 1978 maledicendi.
1410 1911 1496 1977 Gon·

448 2019 464 2048 “
487 2014 554 2080 fido
576 2015 613 2078 in
628 2014 779 2092 Domino,
795 2013 959 2100 quomodo
975 2013 1046 2100 ipre
1061 2035 1121 2101 pro
1136 2019 1283 2101 tempore
1297 2035 1371 2080 meo
1386 2011 1496 2080 subivi

447 2125 464 2151 “
486 2137 582 2183 omne
613 2137 697 2182 onus
727 2115 885 2194 debitum,
916 2114 1124 2203 satisfecique
1153 2117 1355 2182 monasterio
1384 2119 1496 2182 vestro

446 2228 463 2254 “
485 2240 587 2305 unque
620 2218 664 2284 ad
697 2217 872 2284 minimum
910 2217 1137 2305 quadrantem
1194 2218 1347 2301 Qualiter
1383 2223 1496 2284 tamen

448 2321 633 2388 “subituri
666 2319 934 2406 satisfactumque
962 2325 1063 2386 erunt
1093 2319 1159 2386 mei
1184 2322 1317 2408 posteri,
1339 2320 1495 2401 haeredes,

447 2431 464 2458 ‘¹
485 2423 555 2488 eive
577 2421 644 2501 alii,
667 2425 719 2488 sto
753 2442 930 2509 parumper
952 2419 1015 2488 sub
1038 2421 1149 2502 dubio,
1173 2444 1233 2510 pro
1255 2445 1295 2490 eo
1317 2423 1406 2510 quod
1422 2423 1494 2509 jam

446 2533 465 2564 “
487 2547 586 2613 penes
608 2525 784 2602 eeclesiam,
806 2524 896 2610 quod
917 2523 1015 2590 valde
1037 2531 1089 2590 eet
1110 2525 1296 2604 dolendum,
1318 2526 1417 2613 friget
1438 2526 1494 2592 de-

448 2639 465 2668 “
487 2630 589 2708 votio,
611 2631 796 2716 regantque
818 2649 852 2692 ee
874 2627 1002 2693 domini
1031 2632 1186 2714 potentes
1207 2633 1362 2716 potenter
1390 2629 1494 2716 magia

447 2742 465 2770 “
488 2757 587 2821 quam
613 2733 801 2821 prudenter,
822 2734 884 2795 aut
903 2729 1042 2816 alicujus
1067 2729 1222 2797 ⁵coneilio
1235 2731 1377 2818 juridice
1391 2733 1494 2798 direc-

446 2847 462 2874 “
485 2839 568 2905 tivo.
614 2835 732 2916 Quare,
754 2837 858 2920 pater,
872 2853 952 2920 rogo
967 2837 1002 2898 et
1017 2832 1174 2914 desidero,
1189 2839 1237 2912 ut,
1252 2834 1290 2898 in
1303 2834 1493 2900 ulteriorem

446 2950 464 2978 “
484 2941 681 3026 finalemque
696 2935 936 3003 conclusionem
951 2935 1050 3002 dietae
1061 2935 1216 3015 materiae,
1232 2936 1344 3002 velitis
1354 2937 1492 3004 fratrem

445 3051 462 3080 ‘⁴
484 3043 636 3130 aliquem,
658 3041 729 3106 aive
751 3039 862 3104 virum
887 3037 1078 3117 notabilem,
1100 3038 1145 3105 ad
1161 3037 1343 3105 Civitatem
1358 3039 1489 3106 Londo-

447 3157 465 3186 “
487 3149 619 3216 nicrum
633 3141 865 3210 ⁰hebdomada
885 3140 1036 3227 sequenti
1050 3139 1200 3228 dirigere,
1216 3141 1258 3206 ad
1272 3141 1374 3208 finem
1388 3142 1491 3224 illum,

447 3261 464 3290 “
486 3255 522 3317 et
543 3250 719 3324 intentum,
744 3248 785 3309 nt
814 3247 926 3330 posset
954 3243 1025 3329 ipse
1047 3243 1179 3331 singula
1207 3245 1401 3332 peragenda,
1422 3245 1492 3311 aive

445 3363 465 3391 ‘¹
487 3349 702 3427 inactitanda,
725 3347 762 3411 in
791 3344 932 3412 materia
960 3345 1008 3410 eie
1029 3345 1249 3432 supervidere,
1272 3346 1372 3412 utin
1400 3347 1492 3412 nullo

447 3465 466 3496 “
486 3454 670 3529 laederetur,
709 3453 770 3515 ant
806 3453 1009 3536 graveretur,
1040 3453 1153 3514 vestra
1190 3449 1345 3530 eeclesia3
1369 3447 1491 3516 ”immo

446 3570 463 3596 “
485 3557 599 3645 magis,
621 3557 797 3641 augeretur
826 3556 862 3616 et
893 3549 1122 3617 melioraretur
1143 3551 1181 3616 in
1203 3553 1394 3638 quantitate
1423 3574 1491 3620 non

445 3671 462 3698 ‘⁶
484 3681 594 3750 parva,
617 3657 654 3721 in
676 3652 974 3722 remunerationem
998 3651 1034 3718 in
1063 3653 1260 3731 novissimis,
1284 3659 1320 3719 et
1342 3654 1384 3719 ob
1406 3677 1492 3722 oom-

445 3775 462 3802 “
484 3761 681 3853 placentiam
703 3756 840 3824 Domini
860 3755 1052 3823 Salvatoria
1099 3754 1183 3821 Cum
1205 3776 1270 3843 quo
1293 3757 1493 3824 aetemaliter

446 3880 462 3906 “
485 3870 556 3936 sine
577 3867 645 3931 fine
666 3860 852 3928 felicissime
873 3859 1020 3925 valeatie
1066 3858 1201 3925 Amen.''
1368 3871 1370 3875 ’

277 3987 416 4040 Athisrc
489 3971 612 4048 Abbua,
643 3967 729 4033 lecta
761 3963 875 4030 littera
909 3960 1009 4040 dieta,
1040 3965 1075 4026 et
1109 3961 1286 4043 intellecta,
1321 3963 1492 4050 adquievit

275 4058 409 4124 quemue
445 4078 598 4166 prompto
620 4071 730 4138 animo
745 4066 828 4133 dicti
850 4064 977 4131 domini
999 4063 1178 4143 desideriis,
1201 4065 1403 4152 mittensque
1417 4089 1490 4134 cum

276 4127 364 4175 ephot
726 4171 733 4185 ,
1110 4167 1130 4182 ,,
1185 4167 1193 4182 ,
1253 4168 1260 4182 ,

277 4189 403 4242 mustra
445 4177 658 4247 festinatione
680 4171 827 4238 rnorem
849 4189 945 4233 auum
968 4166 1158 4249 Londonne,
1178 4173 1279 4254 Juaert
1302 4174 1351 4247 nt,
1374 4191 1492 4238 convo-

275 4257 389 4377 ffi‘ss
444 4283 527 4351 catis
557 4281 593 4346 in
625 4297 729 4343 unum
762 4270 916 4339 omnibus
943 4274 979 4335 et
1009 4269 1152 4357 singulis
1186 4269 1393 4358 legisperitis,
1424 4275 1491 4340 suis

444 4381 644 4460 conciliariia,
683 4400 723 4444 ea
755 4376 898 4440 instaret
929 4371 1104 4460 diligentia
1136 4373 1226 4458 apud
1259 4373 1348 4454 istoc,
1370 4379 1412 4440 ut
1441 4375 1491 4443 illi

475 4608 615 4662 ¹2'nrtetr'in
626 4603 683 4656 MS.
1016 4594 1109 4646 muts·
1120 4595 1148 4646 in
1158 4595 1216 4648 Ms.

474 4685 653 4756 aymoinus,
1016 4673 1244 4728 *modoinum

473 4761 755 4837 imminue·
1017 4751 1277 4808 “minim
