3582 5838
453 869 518 936 190
787 881 986 935 enemim
1006 861 1163 936 mnne

183 1057 184 1068 ’
282 1079 350 1134 ΔΙ).
367 1088 438 1136 uuus.
452 1077 469 1106 “
492 1069 702 1150 Hertfordiae,
715 1071 896 1136 seeundum
910 1070 989 1149 vim,
999 1070 1145 1151 formem,
1162 1075 1198 1137 et
1212 1069 1378 1149 effectum,
1394 1070 1501 1159 eujus·

452 1179 470 1207 “
492 1173 566 1238 dum
591 1172 736 1239 ¹ohertae
759 1194 818 1260 per
840 1171 966 1238 dietum
981 1171 1185 1238 Willelmum
1206 1173 1303 1239 nobis
1324 1173 1403 1239 inde
1425 1195 1501 1240 eon·

450 1281 469 1309 “
489 1275 606 1356 feetae3
628 1280 738 1340 retum
761 1279 795 1340 et
817 1279 950 1362 gratnm
973 1274 1141 1354 hebentes,
1159 1279 1193 1344 st
1215 1273 1373 1354 habituri,
1390 1279 1499 1342 totum

449 1384 468 1412 “
490 1381 524 1442 et
547 1377 704 1463 quiequid
725 1375 905 1470 praedietus
927 1381 1116 1442 attornetus
1138 1382 1249 1442 noster
1270 1379 1404 1444 nomino
1425 1399 1500 1444 nos·

450 1484 543 1544 “tro
569 1478 683 1545 feeerit
706 1478 743 1543 in
771 1478 956 1565 praemissis.
1001 1477 1045 1543 In
1067 1479 1161 1564 eujus
1186 1480 1235 1545 rei
1261 1480 1498 1563 testimonium,

448 1587 467 1616 “
487 1582 707 1668 praesentibus
729 1581 874 1667 sigillum
897 1585 1046 1647 nostrum
1069 1582 1288 1669 apposuimus.
1334 1582 1424 1648 Dete
1447 1603 1499 1649 oo·

449 1691 466 1719 “
489 1689 566 1749 tevo
582 1685 635 1750 die
649 1683 771 1750 mensis
789 1683 1000 1770 Septembris,
1016 1705 1104 1749 enno
1126 1685 1220 1772 regni
1236 1685 1335 1772 Regis
1352 1685 1497 1764 Henriei,

449 1792 467 1820 “
490 1785 586 1853 Sexti
607 1791 683 1874 post
701 1785 936 1873 Conquaestum
952 1785 1093 1874 Angliee,
1109 1786 1274 1853 trieesimo
1296 1787 1464 1854 seeundo.”

448 2133 624 2200 Prooeseue
650 2131 916 2221 perquisitionis
941 2130 1094 2199 manerii
1124 2131 1163 2198 de
1189 2131 1376 2220 Appuellie,
1399 2132 1499 2222 infru

734 2233 941 2302 Paroehiosm
963 2233 1005 2301 de
1027 2234 1216 2301 Rodburiie

277 2403 334 2455 The
347 2405 436 2457 Abbot
491 2391 605 2457 ‘Dum
627 2391 738 2458 senuit
768 2413 875 2458 annus
906 2391 1015 2458 dietus
1041 2391 1149 2457 adhue
1178 2393 1327 2472 ulterius,
1350 2393 1408 2459 sed
1429 2413 1497 2458 non

278 2473 376 2587 iffi,
447 2494 542 2580 plene
564 2493 777 2582 pertingebat
799 2495 843 2558 ad
866 2493 943 2560 solis
966 2515 1123 2573 oeoesum,
1141 2494 1212 2559 sive
1235 2493 1390 2582 ignitegii
1412 2499 1496 2560 tem.

279 2603 385 2668 thought
446 2617 516 2684 pus,
539 2595 651 2661 stabnt
679 2596 786 2660 adhue
808 2595 922 2661 Abbes
944 2596 980 2661 in
1003 2617 1038 2662 se
1063 2597 1184 2662 iterum
1217 2597 1298 2662 setis
1328 2595 1495 2676 sollicitus,

278 2669 395 2788 {sstffim
408 2737 438 2788 of
447 2698 610 2783 quomodo
633 2697 762 2784 plebem
787 2697 860 2784 jum
887 2697 1020 2778 dietum,
1043 2698 1180 2784 plebem,
1203 2697 1368 2776 videlicet,
1391 2698 1496 2764 curie·

278 2799 538 2881 monopolium,
574 2797 743 2865 ³onnuum
779 2799 947 2864 redditum
985 2799 1126 2866 eeolesiae
1164 2799 1315 2865 debitum
1352 2801 1495 2866 multum

446 2924 585 2988 pronum
617 2902 660 2967 ed
698 2901 924 2982 dedicendum,
958 2907 1068 2988 posset
1105 2901 1248 2967 ulterius
1285 2925 1306 2966 e
1341 2901 1495 2969 libertate

446 3005 548 3090 ipsius
582 3003 724 3070 eoelesiae
762 3004 934 3082 secludere,
966 3003 1134 3090 fecereque
1167 3007 1208 3068 ut
1241 3023 1308 3069 non
1340 3025 1496 3092 mugnem

445 3106 503 3172 4in
534 3111 701 3194 posterum
732 3107 869 3172 heberet
893 3106 937 3171 eb
966 3105 1025 3170 illu
1053 3105 1213 3185 laesurum,
1237 3105 1308 3170 sive
1337 3105 1496 3192 injurium

445 3207 631 3274 ⁵tolereret.
677 3208 723 3273 Et
745 3208 820 3274 ideo
842 3207 967 3272 edtune
989 3207 1063 3294 plus
1086 3207 1182 3272 solito
1205 3206 1388 3273 laboriosus
1409 3207 1447 3273 in
1460 3229 1494 3274 se

444 3309 518 3389 fuit,
535 3315 568 3376 et
590 3309 749 3375 sollicitus
771 3311 808 3374 in
829 3308 963 3396 negotio
986 3308 1083 3375 modo
1106 3308 1204 3388 dieto,
1226 3307 1305 3395 quie
1327 3307 1495 3376 intellexit

444 3433 502 3498 per
523 3412 613 3477 viros
635 3412 762 3498 probos,
787 3415 821 3476 et
844 3411 885 3476 de
907 3411 1046 3476 materis
1072 3410 1216 3476 multum
1238 3411 1390 3490 conscios,
1416 3433 1494 3497 quo·

443 3513 541 3578 modo
564 3513 650 3578 infre
678 3534 819 3600 peneum
841 3517 975 3600 tempus
1003 3513 1167 3601 posterius
1190 3513 1326 3580 deberet
1346 3535 1406 3601 per
1426 3512 1494 3581 Do·

443 3616 570 3680 minum
586 3615 709 3702 Regem
732 3615 925 3702 perdonatio
947 3615 1108 3702 generalis
1123 3615 1236 3695 annui,
1252 3615 1378 3682 virtute
1393 3615 1492 3702 eujus,

444 3723 478 3784 et
512 3717 631 3806 vigore,
655 3722 788 3804 possent
821 3717 909 3783 bonu
941 3717 1033 3805 prius
1062 3717 1104 3784 eb
1139 3717 1273 3783 ecclesie
1306 3724 1495 3804 oompsretu

444 3821 549 3886 teneri
571 3820 661 3886 licite
682 3842 741 3906 per
755 3820 932 3900 eeclesiam,
947 3821 1071 3906 ubsque
1093 3820 1316 3886 forisfactione
1338 3819 1482 3906 aliquali.

274 3937 423 3990 Herennia
490 3923 634 4010 Cupiens
656 3923 760 4011 igitur
781 3929 912 4010 tempus
935 3923 1034 3988 diotoe
1057 3924 1272 3988 eoncessionis
1303 3923 1492 4010 puseoedere,

271 4003 420 4137 ἓξὲξ
444 4031 477 4092 et
507 4047 581 4092 eum
611 4026 757 4092 manerio
794 4025 885 4120 prius
916 4025 1003 4090 dioto
1034 4024 1135 4091 etiem
1164 4024 1257 4090 eliud
1289 4025 1378 4090 infre
1408 4023 1493 4090 Red-

274 4139 395 4188 uoertsiu
444 4130 585 4194 burnam
621 4129 718 4193 modo
756 4126 864 4206 simili,
899 4127 993 4192 vario
1031 4127 1144 4213 quieto
1181 4125 1315 4192 redditu
1353 4125 1493 4192 ecelesiae

272 4205 431 4338 fflbffy.
445 4235 625 4309 oneratum,
647 4228 779 4295 6eidem
802 4229 1019 4316 appropriare,
1046 4227 1211 4294 loboravit
1242 4227 1364 4315 aptiori
1395 4227 1493 4294 modo

443 4354 508 4420 quo
549 4331 647 4398 seivit
679 4331 768 4418 apud
812 4330 1001 4418 praeolersm
1039 4329 1218 4412 foeminum
1259 4336 1294 4396 et
1329 4331 1492 4409 devotum,

475 4544 483 4578 ¹
494 4553 570 4595 ourtoe
581 4545 608 4594 ln
619 4544 676 4596 ΜΒ.
1024 4541 1034 4574 ⁴
1050 4543 1204 4608 imposterum
1214 4542 1242 4592 in
1253 4542 1309 4596 MS.

473 4623 549 4676 2ΤΙιεε
563 4624 697 4674 firstletter
704 4622 725 4674 is
732 4623 855 4686 omitted3
871 4623 941 4674 tobe
1022 4620 1251 4674 meminus

441 4701 553 4767 supplied
564 4702 590 4752 in
601 4701 774 4752 illumination.
1022 4699 1032 4733 ⁵
1043 4699 1105 4750 eidus
1116 4699 1142 4750 'm
1154 4699 1211 4752 MS;

474 4781 485 4816 ³
495 4797 583 4832 annum
594 4781 623 4832 in
633 4781 699 4845 MS„
709 4783 744 4848 by
755 4781 939 4833 imdvertenoe.
