3668 5842
480 877 543 939 284
810 889 1008 942 anursrnuu
1030 888 1186 941 sensnm

309 1079 495 1140 A.1).1ssr.“
517 1097 538 1140 a
570 1074 638 1141 tuis
676 1075 839 1142 erroribus
877 1077 1033 1156 recedere,
1072 1076 1242 1164 fecereque
1280 1073 1521 1161 abjurationem

475 1185 492 1212 “
515 1176 689 1264 publicem,
711 1183 746 1244 et
768 1179 815 1245 sic
837 1178 877 1244 de
900 1183 1018 1246 caetero
1042 1201 1117 1244 cum
1138 1178 1266 1245 coeteris
1291 1177 1415 1244 Christi
1441 1177 1521 1243 fida·

474 1279 602 1344 “libus
625 1280 660 1344 in
682 1279 751 1346 tuis
781 1279 993 1368 opinionibus
1022 1281 1206 1361 convenire,
1229 1285 1289 1346 aut
1312 1279 1455 1346 incidere
1484 1279 1521 1344 in

475 1387 493 1418 “
515 1403 648 1469 posnam
672 1381 824 1460 Cononis,
847 1384 983 1470 patique
1005 1404 1073 1449 non
1096 1382 1201 1448 solum
1224 1382 1437 1470 opprobrium
1467 1381 1538 1447 de»

474 1492 490 1519 ‘⁸
514 1483 726 1571 gradationis,
750 1485 933 1571 quinetiam
955 1486 1103 1564 ulterius,
1120 1485 1208 1551 tradi
1223 1485 1381 1572 potestati
1397 1483 1521 1550 brachii

473 1595 491 1624 “
515 1586 699 1664 saecularis;
730 1587 897 1675 quatinus,
927 1587 1006 1674 quia
1035 1588 1228 1654 thesaurum
1250 1587 1330 1653 fidei
1358 1587 1522 1654 violenter

472 1697 490 1725 ‘⁴
512 1689 693 1776 depraedari
716 1689 841 1770 niteris,
863 1689 933 1770 fies,
949 1690 1052 1776 juxte
1073 1690 1211 1756 verbum
1245 1689 1427 1778 Pr0pbetre,
1450 1697 1520 1756 tam

472 1799 490 1828 “
514 1791 607 1860 cibus
629 1791 726 1879 ignia,
741 1814 841 1879 quam
862 1793 964 1858 etiam
988 1793 1181 1861 alimentum
1205 1814 1264 1880 pro
1286 1793 1520 1859 combustione.

472 1903 489 1929 “
511 1895 565 1959 Ex
585 1893 651 1959 hiis
673 1894 801 1961 duobus
823 1916 927 1961 unum
947 1894 1010 1961 tibi
1026 1895 1132 1983 elige3
1157 1897 1236 1982 quie
1251 1895 1321 1962 haec
1336 1899 1387 1962 est
1401 1895 1520 1961 divisio

473 2004 490 2032 “
513 1996 705 2062 immediate
726 1997 760 2060 in
786 1996 1013 2063 haereticorum
1036 1997 1250 2064 ¹coercione.'’
1402 2067 1407 2075 ,

303 2122 403 2172 pm
516 2099 705 2186 Episcopus,
732 2098 817 2165 hauc
850 2099 1102 2185 Archipraesulis
1136 2099 1336 2166 oblationem
1372 2099 1520 2180 audiens,

167 2225 170 2232 Δ
303 2189 432 2240 “dmm
472 2202 583 2268 stabat
605 2223 663 2287 per
685 2201 862 2288 pauculum
885 2201 1043 2289 temporis
1065 2203 1128 2267 sub
1151 2202 1294 2283 silentio,
1318 2202 1411 2288 quasi
1428 2201 1518 2268 vide-

302 2254 439 2386 lllhlplll
472 2310 565 2372 retur
587 2303 687 2368 fuisse
701 2303 738 2367 in
753 2325 787 2368 se
802 2304 1019 2391 augustiatus,
1035 2303 1117 2390 quid
1140 2305 1250 2391 aptius
1273 2305 1411 2369 daturus
1434 2309 1519 2370 esset

301 2388 460 2504 Ἥξᾱ
473 2429 532 2495 pro
554 2427 716 2492 responso.
762 2406 905 2471 Demum
938 2411 1060 2484 tamen,
1082 2427 1118 2470 os
1151 2427 1247 2472 suum
1281 2407 1439 2494 aperiens,
1469 2429 1520 2473 re·

302 2469 434 2571 li‘epreaui-
471 2508 662 2597 spondebat,
679 2507 790 2574 dicens
804 2515 875 2572 :—-“
886 2509 1063 2596 Angustiae
1078 2513 1157 2573 sunt
1171 2505 1184 2546 ²
1197 2508 1278 2573 mihi
1294 2509 1462 2596 undiqua;
1485 2515 1520 2574 et

301 2592 404 2704 m}
471 2619 489 2648 “
511 2610 592 2698 quid
616 2609 655 2676 de
678 2609 806 2675 duobus
828 2606 934 2674 ²mibi
965 2610 1141 2697 propositis
1174 2611 1292 2696 eligam
1317 2609 1422 2676 8milri
1452 2633 1519 2677 me·

301 2719 458 2798 mapution
472 2723 489 2750 “
511 2715 583 2792 lius,
605 2718 658 2778 sto
690 2712 854 2801 paulisper
885 2713 946 2777 sub
981 2713 1217 2800 desperatione.
1265 2713 1302 2779 Si
1334 2714 1422 2779 enim
1449 2715 1518 2799 opi·

301 2785 391 2904 Q·
471 2825 491 2855 ‘¹
513 2817 627 2883 niones
660 2837 756 2894 meas,
788 2823 821 2882 et
853 2815 1041 2902 positiones,
1074 2814 1259 2896 defendero,
1291 2837 1379 2880 mors
1408 2812 1519 2881 ²mihi

471 2929 488 2956 “
511 2924 570 3001 est,
594 2925 628 2984 et
659 2918 745 3004 ignis
773 2916 962 2984 combustio.
1008 2916 1046 2982 Si
1069 2939 1235 2984 veronen
1260 2918 1445 2996 defendero,
1468 2919 1519 2983 in-

471 3031 489 3059 “
512 3021 616 3088 cidem
653 3020 689 3084 in
720 3017 869 3106 ³]inguis
901 3019 1081 3097 hominum,
1120 3040 1181 3084 nec
1218 3020 1355 3085 evadam
1394 3020 1518 3106 absque

470 3135 488 3161 ‘¹
511 3123 671 3191 scandalo.
722 3123 839 3189 Melius
860 3122 1034 3208 igiturest
1058 3121 1165 3186 ’mihi
1187 3122 1332 3188 incidere
1354 3123 1390 3186 in
1413 3123 1516 3210 plebis

469 3237 487 3266 “
509 3225 706 3313 obloquium,
730 3245 829 3310 quam
861 3223 1085 3310 derelinquere
1116 3223 1222 3311 legem
1255 3223 1342 3303 fidei,
1365 3229 1399 3290 et
1424 3224 1517 3291 mitti

469 3337 486 3365 “
509 3335 585 3416 post
607 3328 772 3394 decessum
796 3327 832 3390 in
856 3325 1048 3391 Gehennam
1075 3325 1171 3412 ignis,
1202 3337 1237 3391 et
1267 3327 1311 3390 ad
1341 3327 1412 3392 loca
1440 3349 1517 3414 sup·

467 3441 486 3466 ‘⁴
509 3430 691 3517 pliciorum.
737 3427 833 3515 Elige
856 3449 933 3514 ergo
965 3428 1208 3514 abjurationem
1230 3428 1342 3510 facere,
1366 3429 1516 3495 intendo-

468 3539 485 3568 “
508 3553 571 3620 que
586 3530 647 3595 ⁴in
669 3535 834 3616 posterum
859 3529 974 3595 taliter
996 3527 1100 3595 ”mihi
1122 3531 1242 3608 vivere,
1264 3531 1354 3615 quod
1376 3531 1517 3597 cessabit

469 3642 486 3670 ‘⁶
510 3631 627 3698 amodo
658 3631 765 3697 omnis
794 3630 873 3696 talis
903 3637 1019 3697 contra
1050 3652 1155 3696 meam
1186 3652 1360 3719 personam
1390 3633 1515 3714 citatio,

468 3744 485 3772 “
510 3734 719 3821 necrdabitur
741 3734 882 3820 suspicio
904 3732 1023 3819 aliqua,
1038 3733 1092 3800 vel
1114 3733 1263 3814 minima,
1279 3734 1347 3801 ullo
1369 3741 1515 3823 tempore

468 3846 486 3875 ‘⁸
509 3839 550 3905 de
571 3835 729 3903 residuo.''

162 4015 164 4020 ,
296 3963 422 4018 neem
508 3940 764 4027 Abjurationem
797 3939 910 4025 igitur,
944 3959 982 4002 ac
1019 3937 1119 4002 etiam
1159 3937 1404 4018 confessionem,
1438 3939 1516 4006 fecit

296 4033 439 4164 fflfion
466 4045 571 4132 primo
594 4042 689 4128 quasi
711 4042 745 4106 in
769 4041 908 4127 privato,
933 4060 1042 4106 coram
1065 4039 1154 4105 dicto
1178 4038 1322 4106 Domino
1346 4041 1515 4128 Archiepi.

296 4168 420 4216 momn-
465 4169 569 4233 scopo,
594 4165 701 4210 coram
729 4142 935 4227 dominisque
951 4141 1189 4228 praesentibus3
1212 4141 1331 4208 deinde
1356 4143 1465 4229 palam
1481 4149 1516 4210 et

295 4230 396 4283 sm·
464 4252 501 4314 in
523 4255 637 4335 aperto
660 4245 747 4333 apud
771 4245 909 4310 Crucem
933 4243 1048 4310 Sancti
1080 4242 1184 4324 Pauli,
1215 4253 1413 4332 congregata
1435 4251 1516 4312 tuno

465 4350 586 4417 ibidem
610 4348 784 4433 utriusque
815 4345 1022 4426 conditionis,
1046 4345 1133 4423 cleri,
1156 4346 1321 4426 videlicet,
1344 4353 1379 4414 et
1402 4347 1515 4435 plebis,

465 4473 639 4518 numerosa
671 4449 895 4528 multitudine,
930 4453 964 4514 et
995 4447 1190 4535 praegrandi.
1247 4447 1293 4514 Et
1330 4450 1514 4537 utriusque,

497 4739 503 4771 ¹
517 4737 657 4788 roboretum
668 4735 694 4786 in
705 4736 761 4788 MS.
1044 4735 1054 4764 ⁸
1064 4731 1159 4799 linquas
1171 4732 1192 4783 is
1203 4735 1337 4798 suggested
1348 4736 1383 4802 by
1395 4733 1505 4786 Hearne.

495 4815 585 4867 ²rm'elu'
597 4817 624 4866 in
638 4815 692 4866 MS.
1043 4811 1053 4844 ⁴
1066 4813 1255 4878 superomnia
1268 4813 1324 4865 MS.
