3588 5838
463 867 506 930 64
795 880 995 930 anorsrstm
1016 879 1173 930 sensnm

294 1071 482 1136 al).1451.“
504 1064 642 1151 alicujus
657 1065 854 1132 retentionis
870 1065 1056 1152 aliquarum
1071 1065 1280 1133 denariorum
1301 1086 1511 1144 summarum,

463 1173 671 1256 “praetextu
694 1168 895 1234 Litterarum
920 1167 1112 1234 Patentium
1134 1169 1276 1247 illarum,
1300 1168 1336 1234 in
1359 1167 1511 1234 manibus

464 1278 481 1308 “
503 1271 606 1359 ipsius
628 1270 772 1337 Abbatis
794 1270 992 1352 habitarum,
1016 1275 1075 1337 aut
1105 1271 1244 1358 alicujus
1267 1269 1511 1338 exonerationis

463 1381 481 1411 “
503 1374 681 1442 earundem
701 1395 913 1452 summarum,
930 1379 1096 1461 praetextu
1112 1374 1291 1442 earundem
1307 1373 1511 1442 Litterarum

462 1481 479 1512 “
502 1477 701 1556 Patentium,
717 1477 760 1542 ab
779 1477 910 1544 actione
932 1497 991 1542 sua
1012 1477 1173 1563 praedicta
1187 1499 1303 1544 versus
1317 1477 1426 1565 ipsum
1441 1477 1510 1542 Ab

461 1587 479 1615 “
502 1579 614 1646 batem
635 1578 788 1646 habenda
809 1578 966 1667 praecludi
988 1577 1115 1647 debeat
1162 1579 1246 1661 Qua
1268 1580 1380 1651 omnia
1395 1585 1430 1646 et
1443 1581 1510 1644 sin·

461 1688 478 1716 “
500 1680 579 1768 gula
600 1681 689 1748 idem
712 1703 851 1768 querens
872 1684 1008 1768 paratus
1031 1687 1081 1747 est
1104 1681 1281 1762 verificare,
1297 1687 1394 1770 prout
1410 1681 1511 1748 Curia

462 1791 481 1820 “
503 1790 533 1850 et
555 1790 680 1850 catera.
727 1783 827 1849 Unde
856 1783 942 1870 petit
967 1783 1139 1870 judicium,
1166 1790 1200 1849 st
1230 1784 1380 1850 debitum
1412 1805 1508 1850 suum

462 1895 481 1922 “
502 1887 699 1973 praedictum
721 1885 785 1951 sibi
808 1886 844 1950 in
866 1885 927 1952 hac
948 1891 1043 1974 parte
1064 1886 1257 1973 adjudicari,
1281 1894 1311 1954 ct
1334 1884 1479 1953 mara?

727 2153 915 2242 Responsio
933 2153 1077 2242 preafati
1098 2153 1249 2222 abbatis.

507 2301 525 2332 “
540 2295 609 2362 ¹Et
642 2296 817 2384 praedictus
849 2295 962 2361 Abbas
996 2296 1086 2378 dicit,
1110 2296 1197 2383 quod
1220 2297 1257 2361 in
1288 2295 1508 2392 Parliamento

503 2399 668 2486 praedicto,
691 2399 846 2465 inchoato
873 2405 908 2465 et
940 2403 1035 2465 tento
1057 2398 1146 2486 apud
1169 2399 1508 2479 Westmonasterium,

501 2501 589 2566 dicto
612 2506 706 2567 sexto
737 2502 791 2569 die
815 2500 1021 2582 Novembris,
1047 2501 1136 2567 dicto
1161 2521 1249 2566 anno
1272 2501 1426 2566 vicesimo
1456 2522 1508 2566 oc-

462 2613 479 2640 “
501 2609 588 2686 tuve,
611 2605 648 2669 in
671 2603 806 2671 Statuto
829 2612 864 2672 et
890 2602 1096 2670 ordinatione
1120 2603 1295 2692 praedictis,
1318 2610 1352 2670 et
1374 2601 1507 2670 ²aucto-

461 2710 479 2742 “
501 2707 602 2774 ritate
632 2707 779 2794 ejusdem
802 2707 1029 2785 Parliamenti,
1050 2706 1128 2772 talis
1150 2707 1238 2773 facta
1267 2705 1332 2772 fuit
1355 2707 1506 2793 provisio,

459 2815 477 2847 “
500 2810 590 2898 quod
612 2811 740 2898 petitio,
763 2811 833 2878 sive
855 2815 948 2877 actus
970 2810 1205 2898 resumptionis
1227 2815 1287 2876 aut
1309 2810 1506 2876 adnullatis-

459 2921 477 2949 “
499 2914 552 2979 nis
574 2913 750 3001 praedictae,
766 2913 803 2979 in
818 2913 1041 2981 Parliamento
1063 2913 1221 3000 praedicto
1243 2936 1301 3001 per
1317 2913 1507 2980 Communi-

459 3023 479 3052 “
500 3021 605 3084 tatem
628 3016 721 3105 regni
743 3016 876 3103 Angliae
899 3017 1042 3082 Domino
1066 3016 1149 3104 Regi
1171 3021 1330 3104 porrecta,
1352 3038 1420 3081 non
1450 3037 1507 3081 ex·

459 3126 477 3156 “
499 3119 660 3202 tenderet,
693 3141 753 3186 nec
789 3119 857 3184 ullo
895 3118 994 3185 modo
1027 3117 1259 3205 praejudicialis
1292 3117 1386 3198 foret,
1409 3116 1507 3183 alicui

459 3227 479 3258 “
500 3243 658 3308 personae,
681 3222 752 3287 sive
774 3219 940 3306 aliquibus
963 3221 1116 3306 personis,
1132 3219 1169 3284 in
1191 3221 1245 3286 vel
1275 3220 1317 3287 de
1341 3220 1507 3307 aliquibus

458 3331 476 3360 “
498 3323 680 3402 dominicis,
702 3324 867 3403 maneriis,
890 3323 995 3401 terris,
1013 3323 1219 3404 tenementis,
1242 3323 1507 3411 possessionibus,

459 3431 478 3462 “
501 3425 696 3506 redditibus,
717 3425 969 3504 reversionibus,
983 3425 1096 3506 firmis,
1112 3425 1334 3514 pensionibus,
1349 3425 1507 3513 portioni·
1603 3510 1606 3520 Ι

460 3533 478 3564 “
499 3528 562 3594 bus
585 3529 715 3606 annuis,
737 3528 939 3615 apportibus,
961 3528 1203 3607 emunitatibus,
1226 3528 1331 3594 feodis
1353 3528 1507 3610 militnm,

458 3629 773 3698 “advocationibus
803 3629 1020 3711 ecclesiarum,
1048 3631 1255 3716 capellarum,
1277 3631 1506 3710 cantariam,

458 3740 477 3768 ‘⁸
497 3733 553 3800 vel
575 3733 800 3821 hospitalium,
817 3731 888 3799 sive
910 3733 1096 3820 aliquorum
1119 3732 1258 3800 aliorum
1281 3733 1507 3820 proficuarum,

458 3841 477 3872 “
498 3835 765 3918 franchesiarum,
788 3835 990 3918 libertatum,
1007 3835 1226 3918 servitiorum,
1249 3837 1304 3901 vel
1330 3836 1506 3902 concessio·

457 3944 474 3974 “
496 3961 586 4018 num,
609 3961 684 4027 quas
715 3945 796 4005 tunc
827 3939 1024 4021 habuerunt,
1048 3943 1108 4004 aut
1140 3960 1253 4005 earum
1284 3938 1396 4024 aliqua
1425 3944 1505 4003 tunc

458 4046 477 4075 “
499 4041 625 4120 habuit,
647 4042 775 4108 ratione
801 4040 888 4119 doni,
916 4040 1140 4120 concessionis,
1166 4041 1432 4122 confirmationis,
1456 4062 1505 4106 re-

456 4149 473 4180 “
495 4143 683 4225 laxationis,
705 4149 765 4209 aut
788 4143 994 4226 dimissionis,
1016 4143 1072 4225 eis,
1099 4147 1160 4209 aut
1183 4165 1296 4210 eorum
1318 4143 1425 4225 alicui,
1448 4164 1506 4230 per

456 4253 475 4282 “
498 4246 624 4313 dictum
647 4245 827 4312 Dominum
843 4245 966 4332 Regem
989 4244 1078 4324 facti,
1094 4267 1152 4334 pro
1174 4246 1285 4332 aliqua
1299 4246 1439 4312 materia
1452 4245 1505 4312 vel

456 4354 475 4384 ‘⁸
497 4371 603 4428 causa,
618 4371 692 4435 quae
707 4349 848 4435 intelligi
864 4353 923 4413 aut
939 4349 1065 4435 concipi
1080 4354 1189 4435 posset
1212 4359 1402 4415 concernens
1418 4347 1504 4414 Prae·

457 4456 474 4488 “
495 4453 641 4538 positum
655 4453 726 4517 sive
748 4451 941 4518 ³Schola1es
958 4451 1097 4540 Collegii
1114 4451 1244 4539 Regalis
1265 4452 1376 4518 Beatae
1391 4451 1505 4516 Marias

457 4561 474 4589 “
497 4559 531 4620 et
553 4553 667 4620 Sancti
694 4553 849 4620 Nicholai
881 4553 1132 4641 Oantebriggiaa
1156 4559 1191 4618 et
1221 4554 1438 4641 Praepositum
1467 4575 1505 4618 sc

489 4755 498 4787 ¹
511 4755 567 4806 The
577 4753 633 4805 first
649 4755 722 4806 letter
739 4753 861 4815 omitted;
882 4760 909 4804 to
924 4755 956 4804 be
1037 4751 1189 4804 'autoritate
1199 4753 1227 4803 in
1238 4753 1295 4805 ΜΒ.

455 4833 569 4900 supplied
580 4833 605 4884 in
617 4833 794 4885 illumination.
1036 4833 1047 4865 ³
1060 4833 1172 4884 Satara
1183 4833 1210 4883 in
1221 4833 1278 4885 MS.
