3668 5842
448 867 517 931 268
787 879 984 932 sacrarium
1007 877 1164 932 anaema

279 1073 465 1132 s.n.1rar.“
486 1066 635 1133 sentibus
669 1067 805 1134 minime
838 1069 928 1136 facta
961 1068 1095 1152 existit,¹
1118 1072 1178 1135 aut
1211 1067 1322 1154 aliquo
1354 1065 1498 1143 Statuto,

447 1178 465 1205 “
486 1175 572 1248 actu,
598 1170 813 1250 ordinatione,
836 1175 897 1238 aut
921 1171 1034 1258 aliqua
1056 1171 1122 1236 elia
1144 1193 1187 1250 re,
1211 1192 1316 1248 causa,
1347 1168 1402 1234 vel
1431 1190 1498 1234 ma·

446 1281 464 1308 “
487 1273 579 1351 teria,
595 1294 798 1360 quecunque,
821 1273 858 1339 in
880 1273 1080 1340 contrarium
1106 1273 1209 1352 factis,
1236 1271 1405 1352 ordinatis,
1428 1271 1498 1338 sive

447 1382 465 1410 “
486 1376 655 1462 1provisis,
686 1399 753 1442 non
791 1376 1008 1444 obstantibus.
1061 1375 1104 1442 In
1133 1376 1227 1462 cujus
1263 1375 1311 1440 rei
1349 1374 1495 1440 testimo

448 1485 466 1513 “
487 1479 589 1556 nium,
628 1478 687 1545 has
718 1479 861 1546 Litteras
888 1484 1018 1546 nostras
1051 1478 1123 1544 fleri
1159 1479 1295 1546 fecimus
1332 1477 1496 1543 Patentes

410 1577 412 1580 ’
448 1588 465 1616 “
487 1581 582 1647 Teste
604 1582 735 1670 meipso,
757 1581 844 1668 apud
867 1579 1205 1659 westmonasterium,
1227 1579 1417 1646 duodecimo
1443 1579 1497 1644 die

448 1691 465 1719 “
488 1683 522 1748 N
524 1683 694 1764 ovembris,
718 1705 806 1750 anno
827 1683 922 1772 regni
944 1684 1050 1750 nostri
1072 1683 1237 1750 tricesimo
1259 1681 1378 1748 sexto.''

491 1786 554 1851 Per
583 1787 681 1853 breve
704 1787 744 1852 de
774 1786 910 1852 Privato
941 1785 1066 1873 sigillo,
1090 1791 1125 1851 et
1149 1785 1190 1851 de
1220 1785 1300 1851 data
1329 1783 1496 1872 praedicta,

447 1886 665 1954 ”auctoritate
688 1887 914 1954 Parliamenti.

466 2252 589 2319 Primo
609 2250 819 2318 maerorum
843 2251 964 2339 copie,
983 2273 1047 2339 per
1068 2250 1252 2338 quemdam
1273 2247 1482 2316 Sacerdotem

502 2361 700 2421 ectrmwum
722 2375 818 2420 corto
838 2353 904 2420 isto
926 2353 973 2420 ud
994 2375 1139 2439 requiam
1156 2350 1299 2438 Auqlioe
1319 2349 1441 2418 allator.

281 2533 399 2599 Aprica
412 2532 443 2583 or
494 2515 609 2584 ³Dum
645 2517 819 2584 transisset
855 2517 1046 2595 Sabbatum,
1084 2516 1153 2582 sive
1192 2515 1387 2594 solstitium,
1417 2513 1497 2581 anni

280 2601 376 2718 {2322
396 2681 414 2716 n
449 2620 555 2697 istius,
587 2619 869 2705 descendissetque
893 2619 949 2686 Sol
969 2616 1091 2684 ⁴imius
1122 2624 1156 2685 et
1178 2617 1305 2697 ⁴imius,
1328 2639 1498 2705 quousque

281 2732 408 2810 anglena,
450 2721 672 2810 descripsisset
702 2743 814 2787 omnes
847 2741 930 2807 pene
963 2721 1086 2808 gradus
1120 2719 1214 2808 Signi
1242 2719 1370 2798 Leonis,
1400 2719 1496 2786 venit

178 2853 183 2862 ·
281 2799 428 2917 ἧᾞῃξ,
450 2823 597 2892 sacerdos
612 2823 747 2908 quidam
771 2822 812 2888 de
835 2823 985 2908 pertibus
1000 2821 1184 2910 Hungariae
1207 2823 1249 2888 ad
1271 2843 1411 2909 regnum
1426 2822 1495 2887 An.

282 2931 430 3012 umquam
448 2926 533 3015 glire,
549 2924 689 2991 afferens
706 2946 813 2990 secum
837 2925 965 2991 litteras
984 2925 1219 2990 testimoniales
1242 2945 1339 3011 super
1352 2924 1496 2989 veritate

281 2999 399 3116 mul,
451 3028 589 3095 dicenda
603 3027 639 3093 in
654 3026 722 3092 hiis
738 3026 900 3105 omuibus,
916 3048 990 3113 quae
1004 3047 1163 3113 prospere,
1178 3027 1248 3092 Deo
1263 3026 1404 3104 favente,
1420 3047 1497 3092 ccu-

282 3147 347 3183 11000·
450 3131 626 3217 tingebant
648 3134 763 3197 contre
785 3129 963 3195 Turcorum
987 3129 1154 3195 dominum
1171 3149 1278 3217 nuper
1292 3129 1329 3192 in
1347 3128 1497 3215 partibus

282 3247 388 3300 Herum
451 3233 536 3314 euis;
573 3233 712 3298 afferens
745 3253 855 3298 secum
887 3231 987 3296 etiem
1020 3230 1123 3296 trium
1161 3229 1347 3297 litterarum
1376 3229 1496 3317 copias,

282 3316 370 3447 ἓξὲξ
378 3379 408 3429 of
451 3355 590 3421 querum
613 3355 680 3398 uns
703 3337 775 3400 erat
790 3333 926 3399 Soldani
949 3331 1123 3420 “aegyptii
1138 3331 1181 3398 sd
1196 3330 1376 3398 Dominum
1391 3333 1496 3419 Apos-

282 3449 352 3502 three
452 3436 596 3514 tolicum,
627 3457 685 3522 per
717 3435 808 3500 viam
838 3435 1121 3523 improperationis
1154 3439 1189 3500 et
1225 3434 1496 3522 exprobrationis,

281 3517 423 3648 mn,
453 3537 532 3624 quia
554 3541 805 3625 presumpserat
827 3537 972 3603 excitare
995 3535 1118 3603 Christi
1140 3535 1253 3602 fideles
1275 3542 1390 3602 contra
1413 3535 1495 3602 Tur·

282 3665 352 3701 mee.
451 3659 561 3706 corum
601 3637 777 3716 dominum,
809 3660 955 3705 socerum
989 3659 1092 3704 suum.
1138 3637 1254 3704 Altera
1284 3645 1356 3704 eret
1392 3638 1496 3726 ipsius

451 3739 612 3807 ⁶D0mini
633 3740 814 3828 Apostolici
846 3741 888 3806 ad
911 3740 1016 3828 ipsum
1041 3738 1230 3817 Soldanum,
1252 3761 1311 3827 per
1332 3741 1422 3806 viam
1446 3764 1496 3806 re-

449 3842 633 3932 sponsionis
647 3842 691 3908 ad
706 3842 826 3908 elatam
841 3841 1055 3928 inflatamque
1070 3841 1377 3928 improperationem
1392 3863 1494 3912 suam.

450 3945 562 4012 Tertia
578 3967 657 4011 veru
679 3950 750 4011 erat
772 3944 941 4031 eujusdam
965 3943 1091 4008 Fratris
1114 3942 1340 4010 Praedicatoris
1362 3944 1405 4009 sd
1426 3945 1495 4012 dic-

450 4053 523 4114 tum
554 4047 733 4113 Dominum
765 4046 1000 4134 Apostolioum,
1034 4066 1093 4131 per
1122 4043 1212 4110 viem
1245 4045 1495 4133 significationis

451 4171 548 4236 super
567 4148 714 4237 gratiosa
743 4148 953 4236 expeditione
982 4146 1097 4212 habits
1118 4155 1233 4213 contra
1252 4147 1395 4215 Turcum
1424 4149 1495 4235 jam

451 4251 585 4328 dictum,
609 4256 785 4336 contraque
807 4248 1061 4336 grandissimum
1083 4249 1264 4316 exercitum
1286 4272 1391 4318 suum.

486 4562 494 4596 ¹
499 4559 680 4629 provisionibus
706 4559 732 4664 ip
755 4559 819 4622 Μῦς
845 4558 947 4611 Heame
996 4557 1330 4670 suppliedinillumination.

576 4644 593 4669 11
669 4641 675 4652 ’
691 4640 697 4651 ’
1092 4639 1098 4650 '
1138 4637 1144 4650 ⁸

454 4647 738 4770 ”susum
1030 4637 1262 4782 fflffl,

487 4797 563 4849 ‘'l'he
573 4797 628 4848 first
638 4797 710 4848 letter
718 4797 739 4846 is
748 4795 867 4857 omitted3
879 4798 947 4848 tobe
1029 4796 1121 4862 ‘Pope
1132 4795 1245 4848 Oalixtua
1256 4797 1306 4855 111.
