3640 5842
490 877 554 938 400
820 895 1016 946 amrsrrrmr
1040 895 1197 946 marrrm

320 1086 387 1138 al).
402 1093 473 1142 mer.
531 1074 648 1140 Latrat
671 1081 705 1141 et
727 1076 856 1156 elatrat,
880 1083 914 1144 et
935 1077 1037 1146 verba
1059 1079 1233 1146 rudissima
1255 1085 1384 1147 tractat.

530 1175 683 1242 Proditor
705 1185 756 1244 est
778 1180 916 1266 quisque
939 1181 993 1246 vir
1015 1180 1135 1247 nobilis
1158 1181 1228 1268 ejus
1250 1183 1287 1246 in
1310 1203 1374 1261 ore,

527 1275 728 1367 1Presbyter
750 1286 785 1346 et
807 1282 994 1362 monachus,
1025 1305 1106 1370 puer
1135 1289 1170 1350 et
1198 1285 1260 1364 vir,
1284 1306 1382 1350 sexus
1405 1289 1439 1350 et
1461 1305 1529 1349 om·

573 1403 647 1460 ms3

527 1481 663 1550 Femina
685 1485 755 1550 sive
777 1486 894 1572 probri,
917 1485 1006 1572 quod
1028 1492 1137 1572 posset
1159 1487 1258 1553 vilius
1280 1488 1342 1566 edi,

528 1583 662 1672 Semper
683 1590 723 1651 ut
743 1587 878 1666 inficiat,
900 1588 953 1652 vir
974 1587 1051 1654 vilia
1073 1589 1154 1654 vilia
1175 1594 1307 1655 tractat.

527 1685 616 1752 Gens
638 1688 761 1767 Boreae,
782 1711 864 1776 gens
885 1689 1044 1777 proluvie,
1067 1690 1248 1757 foedissima
1271 1690 1312 1756 de
1334 1713 1376 1769 se,

526 1786 710 1876 ²Harpyiie
731 1792 856 1873 similis,
879 1791 1035 1858 violando
1057 1815 1137 1858 vasa
1157 1793 1300 1883 liquoris,

524 1891 575 1957 Ac
596 1914 724 1958 mensas
746 1893 925 1974 hominum,
948 1893 1117 1960 tabulatae
1138 1916 1176 1960 ae
1198 1895 1381 1973 mulierum,

525 1994 658 2060 Foedior
679 2001 730 2061 est
752 1996 832 2075 fatu,
855 1996 907 2061 bis
929 1996 1058 2082 turpior
1080 2003 1131 2062 est
1155 1996 1351 2076 moderatu3

524 2096 640 2162 Nescit
661 2097 800 2164 honesta
822 2097 914 2184 loqui
935 2098 989 2162 vir
1010 2098 1109 2164 foedae
1132 2099 1307 2186 progeniei

525 2198 613 2264 Gens
635 2200 756 2279 Boreae,
779 2222 860 2288 gens
882 2200 1038 2287 perfidiae,
1061 2223 1142 2286 gene
1165 2208 1320 2288 prompta
1342 2201 1477 2287 rapinae,

524 2300 612 2367 (lene
635 2307 686 2367 eet
707 2304 893 2368 centimano
915 2309 1014 2389 raptu
1037 2301 1151 2369 similis
1173 2301 1339 2381 ³Briare0,

524 2402 569 2466 Et
592 2402 713 2489 ⁴Tity0
731 2404 847 2490 jecore,
870 2403 1037 2490 ⁶Sisypho
1060 2425 1204 2491 saxoque
1227 2411 1352 2471 ruente.

525 2503 569 2570 Et
591 2505 667 2572 lieet
690 2506 829 2572 ulterius
851 2506 993 2572 societur
1015 2505 1172 2572 Tantalus
1193 2507 1276 2587 istis,

522 2605 599 2672 Non
621 2615 733 2694 peceat
756 2617 907 2686 metrum,
931 2630 1002 2674 mos
1024 2614 1074 2674 est
1097 2609 1160 2674 hiis
1182 2609 1273 2696 pejor
1296 2629 1430 2687 eorum;

521 2708 700 2797 Diripiunt,
719 2711 861 2798 rapiunt,
886 2715 1016 2798 poetae
1038 2711 1099 2776 vix
1121 2733 1202 2776 saxa
1222 2711 1421 2796 relinquunt.

521 2809 609 2878 Gens
632 2814 752 2892 Boreae,
775 2835 855 2900 gens
877 2813 1044 2900 nequitiae,
1067 2834 1148 2900 gens
1170 2813 1229 2879 aba
1255 2814 1386 2900 pietate,

519 2915 581 2980 Est
600 2915 671 2981 sine
692 2915 764 3002 lege
786 2916 875 2981 neeis
897 2915 1030 2994 vindex,
1054 2917 1124 2980 sine
1142 2914 1253 3000 judice
1272 2915 1358 3000 juris

519 3015 658 3097 Derisor,
682 3018 760 3103 quia
781 3017 817 3083 vi
840 3017 914 3083 vult
936 3023 1056 3083 cuneta
1076 3017 1147 3104 regi
1168 3016 1313 3104 gladiali,

518 3119 652 3186 Morere
673 3119 853 3200 barbarico,
876 3119 1006 3185 licitum
1028 3119 1114 3184 foret
1136 3118 1172 3184 in
1194 3117 1377 3205 spoliando,

519 3221 570 3288 Ut
591 3223 708 3288 fierent
731 3223 870 3309 propriae
892 3243 950 3308 per
973 3226 1105 3307 raptum
1127 3242 1179 3287 ree
1201 3221 1325 3286 alienae.

518 3323 650 3410 Friguit
671 3330 731 3390 aut
752 3323 854 3389 caluit
876 3324 975 3389 nimis
996 3324 1043 3402 id,
1065 3323 1153 3409 quod
1176 3323 1291 3388 tollere
1312 3322 1427 3388 nollet.

517 3409 606 3490 Geni
627 3425 750 3504 Boreae,
772 3447 853 3512 gens
875 3424 1017 3512 vipereae
1041 3424 1143 3512 pellis,
1169 3425 1370 3511 generisque,

517 3525 648 3592 Mordet
670 3532 704 3592 et
726 3526 881 3604 emordet,
905 3527 1003 3605 rodit,
1025 3526 1176 3605 corrodit,
1200 3532 1235 3593 et
1256 3532 1352 3614 urget

516 3627 635 3692 Matris
658 3627 701 3692 ad
723 3628 906 3708 interitum,
929 3627 1015 3694 male
1038 3629 1084 3693 sie
1106 3633 1146 3694 ut
1168 3629 1286 3694 tendat
1307 3628 1352 3694 ed
1373 3634 1492 3708 ortum,

515 3729 662 3795 Devorel
683 3751 721 3794 ae
743 3730 893 3818 patriam,
916 3751 990 3816 quae
1013 3752 1099 3816 saepe
1122 3730 1291 3797 cibaverat
1312 3731 1426 3817 ipsam,

515 3831 579 3897 Per
601 3832 781 3918 matrisque
797 3833 940 3912 modum,
955 3832 1091 3898 dederat
1112 3833 1175 3898 sibi
1198 3832 1248 3899 lae
1269 3834 1313 3899 ad
1328 3833 1514 3900 edendum:

513 3934 558 4000 Et
580 3935 704 4022 linguae
727 3933 863 4000 stimulo
886 3939 1011 4015 noceat,
1034 3935 1213 4021 caudaeque
1235 3955 1369 4012 veneno,

512 4037 661 4102 Australi
683 4036 814 4124 populo,
837 4036 900 4104 sibi
923 4057 975 4102 ree
998 4040 1032 4101 et
1055 4058 1133 4123 opes
1155 4037 1318 4124 rapiendo.

512 4141 634 4223 Auster
656 4145 727 4206 erat
749 4139 867 4226 praeda,
891 4139 1021 4226 raptrix
1045 4138 1252 4225 Boreaeque
1277 4139 1402 4225 rapina.

512 4241 603 4308 Hinc
625 4242 703 4328 quia
724 4262 805 4328 gene
826 4239 893 4306 ieta
914 4262 996 4328 gens
1019 4239 1127 4306 fertur
1149 4247 1219 4306 tam
1243 4241 1375 4320 vitiosa,

513 4344 609 4425 Quod
628 4342 731 4409 lmihi
753 4345 781 4408 ai
804 4348 937 4409 eentum
959 4341 1103 4430 'lingua
1124 4343 1201 4422 sint,
1224 4363 1345 4430 oraque
1366 4347 1509 4426 eentum,

499 4585 747 4638 ¹Prerln'terlnMS.
1045 4581 1196 4648 ‘Sisplruin
1206 4581 1262 4634 MS.

498 4665 607 4731 ’Arpir'r
616 4665 643 4716 in
653 4664 710 4715 MS.
1045 4659 1138 4711 ‘michi
1147 4661 1174 4712 in
1185 4662 1241 4714 MS.

496 4744 506 4777 ³
521 4745 629 4796 Breareo
639 4743 665 4794 in
675 4745 732 4794 MS.
1046 4739 1057 4776 ⁷
1068 4739 1160 4805 virgil,
1171 4739 1271 4790 AEaer’d.
1279 4740 1312 4792 ri.
1325 4741 1342 4792 l.
1354 4746 1411 4794 625.

496 4823 507 4855 ⁴
522 4822 588 4873 Titio
599 4823 625 4872 in
635 4822 691 4874 MS.
