3668 5842
536 886 711 938 JOHANNIS
733 883 1016 933 wumutausuuns
1039 880 1215 930 SECUNDAE.
1329 861 1392 930 273

348 1081 366 1106 “
389 1093 494 1154 cursu,
510 1073 688 1139 ascendens
704 1072 740 1135 in
762 1067 870 1149 coelos,
887 1069 978 1134 sedet
1000 1067 1042 1132 ad
1065 1068 1234 1133 dexteram
1250 1063 1393 1149 1lllajes-
1407 1073 1474 1123 Al).
1488 1075 1560 1121 1⁴57.

349 1183 366 1209 “
388 1176 468 1240 tatis
491 1175 528 1238 in
551 1175 694 1253 excelsis,
711 1194 808 1258 quem
831 1170 1013 1236 multitudo
1035 1168 1226 1256 angelorum
1243 1169 1279 1232 in
1295 1165 1395 1244 coelis,

348 1283 368 1314 “
390 1281 424 1342 et
446 1277 593 1342 omnium
618 1275 881 1342 Christianorum
906 1272 1062 1352 interris,
1088 1271 1236 1346 laudant,
1258 1269 1395 1355 pariter-

349 1386 368 1414 “
389 1399 452 1464 que
483 1379 633 1445 adorant.
689 1378 742 1442 Tu
768 1397 854 1453 ver0,
885 1374 1019 1461 pulvere
1051 1377 1191 1438 tenerae
1222 1371 1397 1458 dignitatis

349 1485 368 1516 “
390 1484 584 1557 excoecatus,
599 1485 647 1556 tu,
662 1485 763 1544 vento
785 1477 948 1565 superbiae
969 1475 1329 1562 praesumptuosissimae
1346 1473 1397 1538 in·

350 1589 368 1616 “
389 1582 489 1647 flatus
521 1588 556 1646 et
579 1579 775 1657 obstinatus,
799 1579 939 1644 eundem
961 1578 1103 1663 abnegas
1127 1575 1191 1640 Dei
1222 1573 1353 1651 Filium,
1378 1597 1399 1638 a

351 1692 367 1718 “
390 1705 465 1770 quo,
488 1684 515 1748 si
538 1683 602 1748 tibi
626 1688 659 1748 et
681 1682 758 1748 filiis
780 1682 848 1748 tuis
870 1703 1007 1767 saperes,
1030 1678 1291 1746 exterminabilis
1317 1678 1398 1742 vitae

351 1786 546 1873 “possessio
578 1785 663 1850 foret
694 1784 846 1850 solertius
880 1784 1072 1870 expetenda
1119 1781 1185 1847 Sed
1217 1787 1252 1846 et
1277 1779 1342 1845 tibi
1365 1784 1398 1844 et

349 1889 457 1953 “tuis
485 1887 650 1953 similibus
680 1887 840 1973 scriptum
872 1891 988 1966 est‚-‘
1004 1885 1091 1966 Quia
1120 1907 1187 1949 non
1209 1883 1399 1948 habuerunt

351 1999 368 2026 “
392 1991 621 2077 ‘sapientiam
659 1989 827 2076 perierunt
867 2003 999 2076 propter
1035 2009 1128 2053 susm
1166 1985 1399 2072 insipientiam,

349 2101 367 2129 “
390 2093 691 2177 ‘exterminatique
725 2097 811 2170 sunt,
846 2098 881 2156 et
912 2091 955 2155 ad
989 2091 1110 2156 inferos
1142 2086 1399 2156 descenderunt!

349 2204 367 2230 “
392 2195 514 2261 Scribis
536 2193 639 2258 2mihi
655 2194 837 2280 opprobria,
854 2193 992 2258 mandas
1014 2193 1211 2279 improperia
1230 2196 1398 2258 contume-

352 2305 370 2333 “
393 2298 517 2383 liasque
540 2295 747 2382 multiplices,
766 2301 801 2361 et
822 2296 897 2361 ideo
919 2296 1073 2362 convenit
1095 2296 1271 2362 verborum
1288 2293 1399 2379 jaculo

352 2407 370 2436 “
393 2407 468 2465 tuos
500 2401 654 2486 garritus,
676 2399 803 2464 variosa
826 2399 982 2476 effraenes,
1005 2399 1147 2464 veritate
1170 2395 1400 2463 irrefrsenabili

354 2507 372 2536 “
394 2503 574 2568 refraenare.
633 2501 771 2579 Revoca,
803 2523 923 2587 quaeso,
961 2501 1004 2566 ad
1041 2501 1232 2566 memoriam
1270 2498 1400 2564 ³Golise

353 2611 372 2639 “
396 2604 515 2670 (lethei
537 2603 749 2683 *calumnias
765 2603 1026 2690 impenetrabilis
1041 2603 1115 2682 viri,
1129 2605 1224 2668 fortis
1238 2609 1272 2668 et
1287 2601 1400 2689 spurii,

353 2707 429 2771 “in
451 2729 510 2772 sua
533 2708 660 2772 virtute
683 2712 718 2771 et
739 2727 905 2771 armorum
931 2711 1093 2792 apparatu
1108 2705 1310 2784 confidentis,
1327 2704 1399 2790 qui-

353 2817 370 2844 “
392 2811 454 2874 bus
476 2831 595 2897 agmen
610 2807 673 2874 Dei
696 2808 934 2896 exprobravit;
956 2829 1052 2894 quem
1071 2808 1182 2873 David
1203 2807 1399 2882 adolescens,

352 2917 369 2948 “
393 2913 539 2977 nondum
577 2933 725 2999 pugnare
762 2912 875 2991 sciens,
913 2911 949 2976 in
995 2911 1128 2976 nomine
1165 2909 1301 2975 Domini
1338 2909 1400 2972 Dei

352 3022 370 3048 “
394 3014 505 3088 Israel,
528 3013 588 3078 ⁶in
610 3013 713 3079 funda
735 3018 770 3078 et
792 3013 900 3100 lapide
922 3013 1143 3100 congrediens,
1157 3013 1332 3078 crudeliter
1353 3011 1402 3075 in-

353 3121 371 3150 “
394 3117 536 3195 triennit,
553 3121 717 3202 caputque
739 3116 843 3202 ipsius
866 3115 1022 3194 auferens,
1038 3136 1150 3182 earnes
1171 3116 1274 3202 ipsius
1289 3114 1403 3180 bestiis

355 3226 371 3251 “
393 3225 491 3284 terras
524 3223 560 3283 et
594 3218 786 3283 volatilibus
819 3218 894 3284 coeli
927 3218 1069 3283 tradidit
1095 3217 1305 3284 devorandas.
1352 3218 1402 3281 Tu

353 3327 372 3356 ‘¹
395 3321 578 3387 debellator
600 3321 817 3386 multitudine
846 3320 960 3406 plebis,
984 3321 1077 3408 copia
1106 3321 1310 3398 divitiarum,
1340 3342 1402 3384 nu-

355 3431 372 3459 “
397 3424 586 3488 merositate
610 3423 754 3500 urbium,
777 3423 948 3510 gloriaris3
971 3445 1031 3488 nos
1053 3427 1174 3503 autem,
1205 3423 1241 3488 in
1270 3421 1402 3488 nomine

356 3524 532 3590 “Domini
565 3524 779 3590 Plasmatoris
809 3531 986 3611 sperantes,
1009 3525 1137 3591 etiamsi
1168 3526 1268 3591 solem
1292 3524 1404 3589 multi-

354 3633 372 3662 “
394 3626 511 3692 tudine
527 3625 713 3713 jaculorum
738 3633 873 3713 tegeres,
889 3629 925 3692 in
948 3625 1087 3694 ⁶umbra
1109 3635 1220 3694 tecum
1241 3627 1403 3716 pugnabi-

355 3735 373 3762 “
395 3750 476 3804 mus,
501 3728 538 3794 in
573 3727 688 3794 baculo
721 3729 834 3810 crucis,
857 3735 892 3794 et
913 3729 1024 3816 lapide
1046 3730 1104 3816 qui
1127 3731 1168 3795 de
1189 3736 1303 3795 monte
1333 3729 1404 3793 sine

357 3837 374 3864 “
396 3831 550 3896 manibus
572 3836 622 3896 est
644 3831 806 3918 praecisus,
830 3835 934 3897 totam
965 3833 1017 3897 tui
1047 3834 1209 3898 exercitus
1235 3833 1404 3906 virtutem,

357 3939 375 3967 “
397 3938 436 3999 ut
458 3938 579 4000 testam
601 3933 703 4021 figuli,
727 3933 919 4000 minutatim
940 3939 1151 4001 conteremus.
1196 3936 1252 4000 An
1266 3935 1405 4020 ignores,

357 4042 374 4070 ‘¹
398 4036 484 4121 quod
507 4036 596 4101 inter
618 4057 678 4101 nos
700 4037 799 4102 multi
822 4042 910 4118 sunt,
933 4038 989 4123 qui
1016 4038 1099 4104 mori
1121 4043 1235 4104 tutum
1261 4040 1406 4122 putantl

356 4145 374 4172 ‘⁴
397 4137 467 4204 Nos
491 4139 579 4204 enim
602 4138 770 4204 moriendo
793 4139 967 4219 vincimus,
989 4149 1023 4206 et
1047 4145 1195 4226 optatam
1225 4138 1405 4204 mercedem

357 4249 375 4275 “
397 4246 529 4308 aeternae
551 4241 780 4308 retributionis
801 4242 977 4328 accipimus
989 4267 998 4324 3
1028 4243 1093 4307 tibi
1123 4247 1241 4322 autem,
1266 4246 1300 4306 et
1329 4241 1406 4319 tus,

357 4349 376 4377 “
398 4365 502 4430 neque
517 4343 553 4407 in
568 4349 682 4423 morte,
705 4365 811 4430 neque
833 4343 869 4408 in
884 4343 965 4422 vita,
987 4365 1060 4431 spes
1082 4342 1204 4409 ⁷ullius
1226 4343 1405 4410 beatitudi-

392 4534 669 4602 ¹Ma9ertatirinMS.
941 4535 1256 4604 ⁸Similartothesaying
1272 4537 1407 4589 attributed

391 4613 590 4668 'rachium
907 4615 1031 4666 tonavit
1043 4615 1213 4676 (lambetam
1223 4617 1266 4668 the
1279 4617 1364 4669 Battle
1381 4617 1409 4668 of

391 4691 402 4726 ³
416 4699 428 4742 l
444 4694 510 4746 Sana
522 4693 586 4745 xvii.
906 4695 1055 4762 Agiucomt

393 4771 606 4839 ⁴ralumpaiocin
618 4773 674 4826 MS.
941 4773 1119 4829 iulloeinMS.

393 4851 404 4883 ⁶
417 4851 459 4904 Sia
470 4851 496 4902 in
507 4853 565 4904 MS.
