3640 5842
516 939 692 992 cossurus
715 943 997 995 wssrsnusrunn
1020 946 1195 997 suessan.
1308 931 1370 995 355

335 1131 353 1159 “
375 1147 413 1190 ac
442 1126 544 1192 etiam
569 1128 830 1212 misericorditer,
853 1153 928 1196 cum
949 1131 1027 1218 ipsis
1056 1151 1143 1219 agac.
1187 1129 1371 1196 Misericor·
1385 1139 1454 1190 Aa).
1468 1142 1541 1190 1459.

335 1233 355 1262 “
377 1228 432 1293 dia
454 1230 568 1315 utique
590 1253 636 1310 ea,
653 1253 726 1318 quae
747 1255 782 1299 se
803 1233 903 1299 habet
924 1239 963 1299 ut
984 1231 1088 1298 nubes
1110 1233 1284 1314 matutina,
1307 1233 1375 1298 sive

334 1338 352 1363 “
375 1332 468 1416 quasi
498 1355 550 1398 ros
579 1356 675 1400 mane
712 1336 941 1422 pertransiens,
982 1357 1049 1402 non
1087 1336 1230 1402 multum
1267 1335 1375 1423 placet

335 1437 353 1467 “
375 1433 411 1498 in
432 1434 534 1501 oculis
557 1435 701 1516 Domini,
724 1438 802 1524 quia
824 1443 958 1526 propter
979 1439 1040 1504 hoc
1062 1435 1194 1504 1doluit
1216 1437 1377 1504 Dominus

335 1541 354 1569 “
375 1535 411 1600 in
431 1537 611 1625 Prophetis,
634 1544 669 1604 et
691 1540 809 1607 occidit
830 1563 885 1606 eos
907 1541 944 1606 in
962 1540 1073 1606 verbis
1094 1541 1159 1606 oris
1180 1541 1240 1608 sui.
1277 1540 1377 1627 Prop

337 1643 427 1703 “ter
455 1640 517 1706 hoe
546 1641 657 1721 etiam,
680 1643 912 1729 poenitentiam
938 1664 1092 1731 magnam
1122 1643 1183 1709 sub
1205 1642 1378 1708 Ambrosio

337 1746 356 1774 “
378 1740 446 1828 egit
468 1742 650 1830 Imperator
664 1742 907 1827 lTheodosius3
929 1745 1015 1832 quia,
1030 1744 1193 1826 videlicet,
1207 1746 1278 1810 vioe
1301 1765 1379 1831 qua-

339 1849 358 1878 “
380 1843 455 1909 dam
477 1845 627 1932 princeps
641 1869 784 1936 praeceps
798 1847 907 1914 fuerat
929 1847 1078 1929 nimium,
1094 1851 1129 1913 et
1152 1847 1379 1913 immisericors

338 1951 357 1980 “
379 1947 478 2012 etiam
500 1949 537 2012 in
558 1949 732 2035 punitione
752 1955 1036 2037 transgressorum.
1083 1949 1263 2037 sicigitur
1284 1950 1380 2014 mise-

336 2053 356 2083 “
376 2049 515 2114 ricerdis
537 2052 692 2138 principis
714 2053 814 2140 larga,
836 2053 881 2117 sit
901 2053 1008 2141 longa,
1032 2052 1076 2118 sit
1097 2052 1314 2140 longanimis3
1336 2055 1379 2132 et,

338 2155 356 2186 “
378 2155 418 2214 ut
439 2149 530 2233 felix,
549 2153 681 2232 felicior,
698 2159 733 2219 et
754 2153 970 2234 felicissimus,
986 2155 1031 2219 sit
1052 2159 1122 2219 tam
1145 2154 1262 2232 exitus,
1281 2174 1380 2239 quam

338 2259 355 2287 “
379 2253 480 2318 etiam
502 2277 690 2342 progressus
711 2255 823 2343 ipsius,
846 2256 891 2321 sit
920 2256 990 2344 ipse
1011 2256 1127 2336 libens,
1148 2255 1193 2322 sit
1213 2255 1379 2343 pleudens,

340 2355 425 2420 “sit
454 2357 556 2422 etiam
584 2357 739 2445 gaudens,
768 2359 810 2424 ad
841 2358 1058 2425 exercendum
1087 2379 1186 2445 opera
1222 2357 1381 2445 perdona-

340 2457 488 2525 “tionis
544 2459 624 2526 Non
663 2461 751 2526 enim
789 2461 941 2526 meminit
969 2461 1092 2526 Beatus
1130 2459 1383 2547 ⁸Hier0nymus

339 2567 359 2597 “
382 2561 562 2649 prinoipem
591 2562 697 2628 ullum
726 2563 814 2628 mala
842 2567 948 2628 morte
977 2562 1076 2628 luisse
1115 2567 1293 2644 mortuum,
1325 2563 1383 2648 qui

342 2664 358 2695 “
380 2659 484 2726 libens
506 2661 614 2727 fuerat
643 2683 741 2748 opera
769 2661 904 2748 pietatis
934 2661 977 2726 ad
1007 2660 1244 2742 exercendum
1267 2665 1302 2726 et
1325 2660 1384 2724 dat

341 2767 360 2798 “
382 2785 522 2845 causam,
546 2764 721 2842 dieens,—‘
733 2763 847 2829 Habet
868 2763 1093 2849 unusquisque
1119 2762 1197 2828 talis
1229 2764 1384 2829 interces-

341 2877 360 2903 “
383 2870 494 2933 ‘soree
524 2865 665 2946 mutos:
698 2872 732 2932 et
762 2865 963 2952 impossibile
985 2865 1055 2948 est,'
1084 2872 1124 2931 ut
1155 2866 1225 2952 ipse
1258 2864 1383 2945 asserit,

343 2978 361 3006 “
384 2969 588 3035 ‘multorum
617 2989 824 3055 nequaquam
840 2967 1005 3033 ‘exaudiri
1030 2967 1161 3055 preoes'
1206 2965 1258 3033 Ut
1280 2967 1384 3052 igitur

343 3079 363 3109 “
385 3072 539 3160 Princeps
569 3071 692 3137 multos
721 3069 964 3158 permultosque
994 3071 1221 3136 intercessores
1255 3069 1385 3148 habeat,

345 3183 361 3211 “
384 3179 665 3261 consequaturque
687 3175 820 3240 finalem
842 3173 935 3238 illum
965 3173 1100 3238 beatum
1129 3171 1266 3250 exitum,
1290 3192 1385 3258 quern
1480 3225 1482 3230 ,

343 3287 361 3316 “
383 3278 605 3364 unusquisque
626 3276 732 3342 fidelis
761 3275 881 3341 habere
911 3279 1070 3362 peroptet,
1093 3275 1145 3354 sit,
1168 3277 1268 3363 prout
1296 3275 1387 3360 prius

343 3386 362 3418 “
385 3381 514 3458 dicitur,
544 3380 590 3446 sit
618 3379 732 3458 libens,
762 3378 807 3444 sit
835 3377 999 3464 plaudens,
1029 3377 1075 3442 sit
1105 3377 1204 3443 etiam
1233 3376 1387 3464 gaudens,

346 3490 363 3516 “
386 3505 424 3548 ac
446 3483 660 3569 congaudens,
683 3481 726 3546 ad
755 3480 971 3546 exercendum
994 3483 1028 3545 et
1050 3479 1293 3547 concedendum
1314 3501 1388 3566 gra-

345 3589 364 3621 “
387 3585 470 3649 tiam
492 3582 768 3671 perdonationis.'’

388 3685 574 3774 *Princeps
598 3685 722 3752 auditis
751 3685 922 3772 utriusque
948 3687 1052 3773 partis
1074 3686 1267 3764 rationibus,
1289 3686 1536 3772 ipsas-naemu

347 3810 410 3875 que
425 3787 657 3876 *praegnantes
672 3787 967 3875 persuadentesque
990 3809 1060 3852 esse
1079 3787 1276 3874 intelligens,
1292 3786 1390 3851 utris·
1402 3767 1557 3884 *ffirm-

346 3913 410 3978 que
434 3891 631 3978 complacere
647 3889 757 3955 voluit
774 3913 782 3954 ι
809 3895 1052 3977 praeoccupatus
1067 3896 1180 3955 temen
1205 3889 1389 3955 rationibus
1402 3900 1458 3964 ingr
1471 3899 1500 3949 of

347 3993 589 4073 Misericordiae,
611 3992 718 4079 magis
740 4012 839 4077 quam
861 3991 884 4057 J
886 3991 1020 4071 ustitiae,
1036 3997 1109 4057 tum
1132 3992 1210 4078 quia
1231 3990 1389 4079 pluribus,
1402 3968 1498 4031 Merey.

346 4103 420 4164 tum
434 4097 512 4183 quia
525 4095 717 4182 potioribus,
731 4100 804 4159 tum
821 4093 899 4181 quia
912 4094 1099 4180 majoribus,
1110 4094 1280 4159 doctorum
1295 4093 1391 4158 dictis

347 4199 570 4277 corroboratis,
593 4198 697 4286 magis
720 4197 763 4262 ad
780 4201 908 4284 partem
930 4195 1034 4283 ipsius
1060 4217 1159 4282 quam
1185 4194 1334 4261 Justitiee
1355 4195 1392 4260 in

343 4301 469 4388 judicio
488 4301 591 4366 animi
606 4300 792 4366 declinavit.
837 4299 872 4364 N
873 4321 935 4378 am,
950 4298 1027 4363 lieet
1041 4298 1085 4363 ad
1106 4298 1300 4363 instantiam
1315 4297 1338 4363 J
1339 4319 1394 4362 us-

347 4405 443 4486 titiae,
467 4407 501 4469 et
522 4402 768 4488 requisitionem
798 4400 1026 4478 Dominorum‚
1048 4421 1086 4465 ac
1109 4400 1208 4466 etiam
1240 4399 1392 4466 Commu·

383 4709 495 4761 ¹doluuit
505 4710 531 4760 in
543 4709 599 4760 MS.
744 4715 747 4724 ·
924 4705 1311 4769 ⁴Thefirstletterisomitted;
1329 4708 1393 4758 tabe

382 4788 659 4840 NJlreodocr'asinMS.
893 4784 1008 4850 supplied
1019 4783 1045 4834 in
1056 4784 1230 4837 illuminatior.

382 4867 642 4919 ³IeroaimusinMS.
928 4863 939 4896 ⁶
947 4862 1147 4928 prenyumrtesin
1159 4864 1217 4917 MS.

1197 4963 1218 5010 z
1240 4949 1261 5010 2
