3668 5842
463 858 532 922 310
797 868 997 918 nsmsrnun
1020 867 1174 916 tessun

291 1053 357 1107 AD·
372 1059 443 1106 ¹⁴⁵8·
460 1067 477 1092 “
499 1059 685 1145 praesenteS,
708 1055 796 1140 quod
826 1053 903 1140 ipse,
933 1054 1021 1119 idem
1043 1054 1212 1120 Jchannes
1239 1053 1383 1141 Oheyne,
1407 1052 1514 1132 Miles,

460 1169 476 1196 “
499 1159 654 1238 haeredes,
678 1161 711 1222 et
733 1157 892 1243 assignati
914 1157 974 1238 sui,
998 1156 1038 1221 de
1061 1161 1177 1223 caetero
1201 1157 1285 1222 bene
1307 1163 1341 1222 at
1370 1155 1512 1221 fideliter

460 1273 476 1299 “
499 1263 638 1338 solvent,
661 1281 719 1324 seu
741 1258 825 1324 solvi
846 1257 977 1334 facient,
999 1259 1172 1324 annuatim
1202 1259 1299 1324 dictis
1321 1257 1448 1324 Abbati
1478 1259 1513 1321 et

460 1373 478 1402 “
500 1361 698 1440 Conventui,
734 1366 768 1427 et
799 1360 1035 1427 successoribus
1067 1363 1142 1438 suis,
1181 1362 1307 1426 dictum
1344 1360 1512 1426 redditum

458 1474 477 1503 ‘⁴
500 1464 718 1553 quadraginta
739 1461 917 1527 solidorum
940 1483 999 1549 pro
1022 1461 1135 1528 ¹terra
1149 1469 1183 1528 et
1198 1467 1321 1528 asserto
1335 1461 1512 1548 praedictis,

461 1578 478 1605 “
502 1570 544 1635 ad
559 1569 658 1632 Festa
673 1565 869 1651 supradicta,
884 1564 986 1650 aequis
1002 1565 1217 1651 portionibus,
1234 1563 1289 1628 2in
1306 1569 1508 1651 perpetuum.

461 1677 478 1708 “
501 1671 543 1735 In
581 1669 673 1755 cujus
710 1668 757 1733 rei
794 1667 1031 1746 testimonium,
1069 1667 1132 1732 hiis
1170 1667 1358 1733 indenturis
1398 1671 1511 1752 partes

460 1781 477 1809 “
499 1771 664 1859 praedictae
695 1769 804 1860 sigilla
833 1789 892 1834 sua
924 1770 1111 1836 alternatim
1143 1774 1375 1858 apposuerunt.
1421 1769 1511 1834 Data

460 1882 478 1914 “
501 1876 537 1940 in
561 1873 760 1939 Monasterio
784 1871 899 1938 Sancti
929 1871 1052 1937 Albani
1082 1873 1279 1959 supradicto,
1302 1893 1389 1937 anno
1418 1872 1510 1958 regni

458 1976 598 2062 “Regis
636 1973 782 2052 Henrici,
821 1973 915 2039 Sexti
959 1981 1033 2060 post
1071 1973 1316 2060 Oonqnaestum,
1347 1973 1510 2039 tricesimo

459 2085 477 2114 “
499 2075 622 2144 sexto.'’

457 2444 702 2534 Aequictcutiu
731 2442 912 2509 tadcutoto
944 2442 1036 2508 iuter·
1066 2450 1182 2528 portes
1212 2465 1314 2528 super
1345 2441 1511 2508 solut-iona

685 2546 803 2612 cauci
824 2545 979 2612 redditus
1002 2552 1083 2610 tuuc
1107 2545 1277 2612 instantis.

289 2729 390 2780 Formu
402 2745 443 2780 ae-
502 2713 519 2741 “
542 2702 743 2770 ³Universis
760 2703 884 2770 Christi
905 2702 1066 2783 fidelibus,
1083 2704 1125 2767 ad
1141 2724 1223 2789 quos
1245 2723 1387 2790 praesens
1411 2701 1510 2787 scrip-

289 2797 414 2927 {ssviffiss
458 2813 474 2840 “
497 2811 571 2872 tum
593 2805 790 2893 pervenerit,
807 2804 1004 2870 venerabilis
1020 2809 1054 2869 et
1069 2805 1240 2892 religiosus
1256 2805 1316 2881 vir,
1333 2804 1511 2880 Johannes,

289 2929 428 2980 theAbbot
456 2916 473 2945 “
495 2907 708 2996 permissione
730 2906 853 2986 divina,
877 2906 991 2972 Abbas
1015 2909 1162 2994 exempti
1186 2907 1379 2972 Monasterii
1396 2906 1510 2971 Sancti

289 2994 406 3113 mene
456 3018 474 3046 “
497 3010 630 3090 Albani,
655 3008 793 3074 salutem
816 3009 853 3072 in
876 3008 1018 3073 Domino
1041 3010 1282 3094 sempiternam.
1340 3009 1511 3074 Noveritis

288 3127 382 3178 toruo
457 3123 474 3148 “
496 3135 565 3193 noo,
607 3111 781 3198 praefatum
817 3110 993 3188 Abbatem‚
1020 3112 1177 3197 recepisse
1210 3116 1243 3176 et
1269 3110 1433 3188 habuisse,
1458 3110 1509 3176 die

289 3194 349 3244 then
360 3211 415 3245 cur·
459 3225 475 3252 u

288 3268 423 3325 „mm
498 3215 710 3282 confectionis
733 3214 953 3299 praesentium,
977 3214 1017 3277 de
1040 3213 1194 3278 Johanne
1219 3212 1362 3298 Oheyne,
1390 3212 1509 3284 Milite,

459 3323 477 3352 “
501 3317 722 3403 quadraginta
736 3315 854 3380 solidos
877 3314 1108 3401 sterlingorum
1134 3315 1238 3379 annui
1262 3323 1297 3380 et
1313 3315 1417 3400 quieti
1436 3315 1509 3378 rod-

459 3425 477 3454 “
500 3419 600 3497 ditus,
616 3416 720 3494 nobie,
743 3420 781 3480 ut
805 3417 840 3479 in
859 3415 933 3501 jure
952 3416 1144 3481 Monasterii
1167 3417 1271 3482 nostri
1293 3415 1452 3503 praedicti,
1467 3415 1511 3480 ad

458 3519 598 3584 “Festa
621 3517 752 3582 Natalis
776 3517 920 3595 Domini,
944 3519 1222 3584 Annunciationis
1245 3519 1356 3584 Bestae
1387 3518 1509 3594 Mariae,

458 3627 475 3656 “
498 3620 697 3686 Nativitatis
722 3619 837 3686 Sancti
860 3617 882 3685 J
885 3619 1024 3684 ohannis
1048 3621 1219 3706 Baptistae,
1242 3626 1277 3685 et
1309 3620 1422 3686 Sancti
1446 3619 1509 3684 Mi·

457 3731 474 3763 “
498 3721 617 3788 chaelis
639 3721 848 3808 Archangeli,
881 3744 939 3808 per
969 3723 1110 3807 aequales
1140 3724 1307 3809 portiones
1336 3721 1509 3787 annuatim

457 3828 474 3861 “
497 3830 654 3891 exeuntes
685 3824 726 3890 de
756 3845 823 3888 una
862 3823 993 3910 virgata
1022 3831 1118 3890 terrae
1150 3830 1184 3888 et
1207 3825 1353 3903 dimidia,
1375 3847 1412 3889 ac
1444 3846 1509 3890 uno

457 3935 475 3972 “
497 3932 629 4008 asserto,
653 3948 727 3991 cum
750 3927 969 4012 pertinentiis,
992 3927 1028 3989 in
1045 3926 1236 4012 Ohaiphnnt
1259 3927 1372 3993 Sancti
1389 3926 1510 4012 Egidii,

457 4031 532 4094 “in
562 4029 732 4095 Comitatn
768 4027 1018 4114 Bokyngamiae,
1053 4027 1217 4113 quondam
1252 4028 1416 4094 Hamonis
1449 4027 1509 4092 filii

458 4139 476 4168 “
499 4131 715 4217 Maynsennii,
747 4135 781 4195 et
815 4151 921 4217 nuper
953 4130 1117 4196 «iohannis
1153 4131 1298 4218 Oheyne,
1333 4131 1510 4218 Armigeri.

455 4242 474 4270 “
497 4235 548 4298 De
572 4233 691 4318 quibus
714 4232 847 4317 quidem
867 4231 1088 4318 quadraginta
1111 4233 1223 4298 solidis
1247 4234 1453 4320 supradictis,
1471 4239 1509 4298 ut

457 4344 555 4423 “pro
577 4335 739 4401 Terminis
762 4333 895 4399 Natalis
927 4335 1072 4412 Domini,
1095 4335 1374 4402 Annunciationis
1397 4335 1509 4400 Beatae

453 4447 471 4473 “
496 4439 619 4515 Mariae,
643 4435 844 4502 Natiuitatis
875 4436 989 4502 Sancti
1012 4437 1177 4502 «iohannis
1200 4438 1367 4524 Baptistae,
1392 4437 1509 4502 ultimo

488 4670 497 4703 ¹
507 4678 583 4720 terta
594 4670 621 4718 in
633 4670 689 4721 MS.
1037 4669 1047 4702 ³
1060 4671 1114 4722 The
1126 4672 1181 4722 first
1191 4673 1264 4722 letter
1271 4672 1293 4722 is
1304 4673 1408 4725 omitted
1422 4695 1429 4736 ς
1440 4682 1467 4726 to
1475 4677 1507 4726 be

488 4747 713 4816 ῃιἰιιροψείιιιιπιίιι
725 4748 781 4801 MS.
1005 4749 1118 4815 supplied
1129 4751 1155 4800 in
1167 4749 1342 4802 illuminatior.
