3640 5842
521 923 694 974 cesssare
717 925 1001 976 wsermsrsnn
1024 929 1199 979 escoron
1321 918 1385 982 389

343 1107 461 1192 quibus
493 1107 573 1174 locis
605 1108 680 1174 aliis
713 1131 786 1195 quae
820 1115 946 1175 sacrata
977 1111 1116 1190 iirerant,
1139 1117 1173 1178 et
1201 1113 1238 1177 in
1267 1117 1468 1178 arteman.
1483 1127 1553 1176 14⁶1.

344 1215 505 1275 cesserant
530 1210 667 1276 Domini
696 1211 899 1292 Salvatoris;
922 1213 1047 1299 pejores
1070 1213 1106 1278 in
1128 1235 1166 1279 eo
1188 1213 1275 1280 facto
1298 1213 1388 1280 duci-

344 1310 405 1376 bus
426 1311 614 1392 barbaricis,
635 1313 838 1400 paganisque
861 1313 1064 1401 principibus
1087 1316 1267 1382 deteriores.

388 1414 554 1500 Scriptum
564 1437 706 1503 namque
721 1423 771 1482 est
787 1416 827 1482 de
839 1417 862 1482 J
863 1415 931 1482 ulio
943 1416 1080 1499 Caesare,
1092 1439 1218 1504 pagano
1233 1417 1387 1505 principe,
1399 1439 1526 1490 nsanoes

342 1514 504 1600 quomodo
519 1516 596 1603 ipse,
612 1516 649 1580 in
663 1517 752 1582 omni
775 1537 947 1604 progressu
961 1519 1013 1582 sui
1028 1510 1244 1605 conquaestus,
1259 1519 1386 1584 distric-
1398 1505 1424 1555 in
1435 1505 1520 1556 which

343 1623 416 1682 tum
427 1616 561 1683 dederat
571 1619 765 1684 mandatum
780 1619 944 1685 militibus
959 1621 1036 1701 suis,
1047 1627 1086 1686 ut
1096 1620 1227 1707 templis
1242 1621 1386 1686 Deorum
1397 1587 1504 1702 ἓξὲξ,

342 1726 519 1805 parcerent,
542 1741 601 1785 nec
623 1719 788 1807 ¹eliquarn
814 1721 1060 1786 irreverentiam
1084 1743 1142 1808 per
1159 1722 1246 1787 viam
1261 1723 1385 1808 deprae-
1398 1705 1546 1822 “223th

342 1823 494 1900 dationis,
517 1822 767 1909 despoliationis,
793 1845 850 1889 seu
881 1823 1127 1906 devastationis,
1151 1830 1209 1890 aut
1238 1846 1296 1909 per
1325 1787 1525 1889 ali-iiraail

342 1946 436 2011 quem
467 1925 600 1990 modum
630 1925 780 2003 alterum,
806 1925 886 2010 ipsis
916 1925 1163 2010 quomodolibet
1193 1925 1384 2011 irrogarent
1395 1906 1541 2035 ffiffiw

341 2027 505 2114 Scriptum
529 2032 578 2092 est
601 2027 702 2092 etiam
724 2027 764 2092 de
787 2026 941 2114 Pompeio
968 2027 1098 2114 Magno,
1121 2027 1268 2114 principe
1298 2023 1509 2116 ²ita-poaes0f

342 2152 406 2216 que
435 2150 570 2216 pagano,
592 2130 754 2214 quomodo
777 2129 856 2215 ipse,
889 2150 962 2195 cum
986 2131 1131 2195 exercitu
1153 2131 1385 2208 Romanorum,
1395 2106 1507 2170 aunon.

341 2233 571 2299 Jerusolimam
592 2230 736 2309 veniens,
758 2231 909 2297 inhibuit
931 2231 999 2298 suis
1021 2231 1182 2310 omnibus,
1196 2253 1239 2297 ne
1263 2232 1386 2318 templo

342 2334 476 2400 Domini
498 2334 622 2420 aliquid
644 2333 803 2400 inferrent
825 2333 966 2420 injuriae,
988 2335 1059 2400 sive
1082 2334 1231 2400 laesionis.
1279 2333 1387 2420 Scrip·

341 2442 413 2502 tum
445 2443 495 2503 est
526 2437 659 2523 insuper
694 2435 734 2500 de
766 2436 957 2501 Alexandro
987 2436 1205 2513 Macedonico,
1239 2435 1385 2522 principe

341 2539 442 2606 etiam
464 2539 611 2618 barbaro,
634 2540 704 2603 sive
726 2537 903 2616 barbarico,
924 2537 1087 2624 quomodo
1108 2537 1186 2624 ipse,
1200 2559 1274 2602 cum
1295 2559 1386 2602 exer·

340 2645 409 2708 citu
446 2663 564 2729 magno
601 2640 645 2706 ad
690 2640 793 2706 dictas
830 2645 939 2727 partes
976 2641 1121 2718 veniens,
1159 2644 1194 2704 et
1234 2639 1385 2704 Joiadem

340 2744 539 2810 sacerdotem
574 2742 768 2808 revestitum
802 2740 838 2806 in
869 2741 1002 2808 obviarn
1031 2741 1095 2807 sibi
1117 2742 1305 2806 venientem
1334 2739 1385 2804 in-

341 2851 445 2923 tuens,
460 2845 538 2912 laedi
560 2866 627 2909 non
648 2842 807 2931 permisit,
831 2864 890 2909 nec
913 2865 971 2931 per
993 2859 1069 2909 suos
1086 2843 1159 2921 sibi,
1175 2845 1235 2907 aut
1250 2840 1384 2928 Templo

341 2947 484 3025 Domini,
508 2948 651 3034 aliquam
674 2946 962 3032 intemperantiam
984 2945 1098 3010 inferri
1121 2943 1282 3011 toleraret.

386 3049 553 3135 Scriptum
585 3053 635 3114 est
656 3055 814 3135 praeterea
836 3047 877 3112 de
900 3045 1042 3127 ³Attila,
1071 3046 1271 3112 Hunnorum
1294 3044 1383 3132 prin·
1397 3066 1523 3119 Thecon-

340 3155 418 3239 cipe,
441 3174 516 3240 rege
539 3151 635 3217 etiam
669 3150 796 3238 gentili,
820 3155 853 3215 et
878 3148 1001 3235 absque
1030 3171 1110 3214 sana
1137 3147 1212 3226 fide,
1244 3147 1385 3233 qualiter
1396 3150 1521 3252 ffiegx·

340 3256 417 3342 ipse,
440 3275 514 3320 cum
544 3253 613 3318 acie
637 3274 764 3340 magna,
787 3252 823 3316 in
846 3250 1005 3316 ⁴Italiam
1035 3251 1179 3327 veniens,
1202 3254 1236 3314 et
1258 3217 1498 3328 Johan-alsdof’

340 3379 425 3435 nem,
457 3357 677 3422 Romanorum
710 3353 912 3435 Pontificem,
943 3353 1006 3418 sibi
1039 3375 1099 3440 pro
1129 3352 1282 3420 libertate
1315 3373 1383 3418 suae
1396 3334 1538 3452 ffiff

341 3458 481 3526 ecelesiae
519 3461 738 3523 occurrentem
779 3455 973 3542 intelligens,
1012 3454 1172 3542 benigne·
1198 3455 1384 3532 admiserat,
1513 3439 1519 3453 ⁸

340 3561 577 3649 benigniusque
599 3559 756 3625 concessit
777 3556 935 3642 quicquid
957 3579 1016 3644 pro
1038 3556 1191 3623 libertate
1214 3556 1311 3622 dictae
1335 3577 1385 3622 ec·

341 3665 444 3730 clasiae
477 3663 641 3750 postulare
672 3659 781 3726 vellet.
827 3658 992 3746 Scriptum
1027 3663 1078 3724 est
1107 3658 1214 3724 adhuc
1246 3658 1385 3724 ulterius

341 3767 383 3832 de
405 3765 566 3842 ⁵Brenno,
588 3764 669 3829 duce
689 3762 865 3840 Senonum,
889 3768 924 3826 et
946 3760 1071 3827 cultore
1086 3759 1282 3838 ⁶idolcrum,
1305 3781 1385 3846 qna·

341 3869 419 3933 liter
452 3868 521 3955 ipse
558 3865 688 3931 tamdiu
725 3869 838 3930 contra
871 3863 982 3929 hostes
1019 3863 1198 3949 permansit
1231 3862 1385 3939 invictus,

341 3991 509 4056 quousque
546 3965 753 4055 presumpsit
790 3970 905 4030 contra
941 3965 1028 4030 Deos
1065 3984 1171 4028 sacros
1208 3963 1384 4050 insurgere,

342 4071 560 4156 invadereque
583 4067 743 4155 templum
766 4066 830 4131 Dei
844 4065 1016 4152 Apollinis,
1031 4065 1117 4152 apud
1142 4064 1283 4130 insulam
1299 4062 1386 4130 ⁷De-

342 4173 406 4252 lon,
428 4194 466 4238 ac
488 4173 596 4259 ipsum
620 4171 687 4235 suis
705 4168 868 4256 jocalibus
890 4169 1037 4255 spoliare.

376 4501 462 4550 1Δοῑιι
481 4501 507 4548 in
526 4515 590 4548 enac
608 4496 731 4548 Jolaani·
752 4495 845 4546 Octaui
918 4493 929 4526 ³
941 4491 1028 4542 Arbua
1038 4491 1166 4543 Hunorum
1177 4491 1204 4542 in
1215 4491 1271 4543 MS.

341 4575 694 4643 decima-Superacription
717 4583 743 4626 to
769 4575 843 4626 folior
918 4569 1157 4622 walnenses.

345 4662 534 4710 raab-176³„
923 4649 1159 4701 'BrennioinMS

375 4739 386 4770 ‘·’
399 4739 498 4789 Hearne
506 4743 620 4802 suggests
631 4739 647 4764 “
657 4735 712 4784 itera
719 4735 734 4760 '’
746 4732 786 4783 lor
793 4731 844 4782 this
920 4727 1062 4792 “ydolorum
1073 4728 1101 4777 in
1111 4728 1167 4780 MS·

341 4819 419 4867 word.
920 4807 930 4845 ⁷
942 4806 1020 4858 Delos
1030 4807 1055 4856 in
1067 4807 1123 4862 MS.
