3582 5838
462 909 636 960 romuurs
658 907 945 960 summersos
968 909 1145 960 snouunn.
1273 893 1338 965 187

284 1095 460 1164 solutionis
482 1119 618 1176 summa,
642 1097 720 1183 quia
735 1096 772 1161 in
787 1119 917 1162 summa
939 1097 1051 1164 decem
1073 1119 1259 1164 marcarum
1280 1117 1419 1187 perun.
1434 1125 1507 1170 ress

285 1221 420 1279 annum,
443 1199 610 1266 laboravit
640 1199 801 1287 sagaciori
830 1199 928 1266 mode
951 1221 1017 1286 quo
1040 1200 1140 1266 scivit
1162 1201 1246 1266 illud
1269 1199 1491 1267 mas-1>osseasion

285 1302 416 1368 nerium
446 1301 510 1367 sibi
539 1302 735 1389 perquirere,
759 1306 933 1388 quatenus,
955 1323 994 1368 eo
1016 1303 1205 1389 perquisito,
1229 1266 1479 1391 possetffiof

286 1425 346 1500 per
360 1404 394 1470 id
409 1403 555 1470 medium
571 1425 701 1470 servare
717 1403 844 1469 dictum
858 1403 982 1469 nedum
997 1425 1145 1470 annuum
1160 1405 1337 1489 redditum,
1351 1399 1486 1452 ‘imm‘-

287 1506 470 1594 quinetiam
500 1506 653 1593 exiguam
683 1505 837 1572 Ecclesiae
860 1506 972 1572 dotem
995 1506 1032 1571 in
1059 1510 1160 1592 quota
1180 1529 1338 1596 augmen-

287 1611 368 1691 tare,
390 1607 538 1695 aliquota
560 1613 595 1674 et
617 1629 746 1696 augere.

332 1709 507 1777 Advocans
541 1710 646 1798 igitur
677 1710 719 1775 ad
749 1731 843 1776 suam
880 1709 1090 1798 praesentiam
1123 1732 1336 1798 possessorem
1348 1721 1508 1787 Propositus

288 1812 426 1878 manerii
448 1813 618 1892 antedicti,
641 1812 753 1878 virum
774 1812 907 1893 bonum,
922 1818 1064 1900 gratum,
1079 1817 1114 1880 et
1131 1813 1336 1894 benevolum,
1348 1790 1493 1906 mobiba

288 1935 326 1980 ac
352 1935 461 1980 secum
492 1914 579 1994 olim,
606 1915 685 1980 dum
714 1915 751 1979 in
773 1914 910 1980 floribus
941 1915 1053 1980 stabat
1079 1915 1278 2002 juventutis,
1301 1917 1337 1982 in
1350 1938 1435 1974 owner
1448 1921 1477 1972 of

288 2015 442 2104 obsequio
467 2021 740 2098 commanentem,
766 2016 918 2103 exposuit
947 2015 1012 2082 sibi
1041 2039 1147 2083 mores
1170 2023 1205 2083 et
1228 1990 1496 2085 condi-rhemmon

287 2117 394 2184 tiones
416 2118 561 2184 virorum
586 2119 738 2207 plurium,
761 2119 798 2183 in
827 2139 959 2183 snorum
991 2118 1216 2185 subtractione
1239 2121 1339 2188 servi·

287 2221 410 2287 tiorum
431 2226 466 2286 ct
487 2221 687 2302 reddituum,
710 2243 811 2308 quam
833 2221 1013 2307 graviaque
1035 2242 1146 2287 rerum
1168 2223 1340 2310 dispendia

287 2322 477 2411 patiebatur
500 2323 642 2403 ccclesia,
671 2329 805 2410 propter
834 2323 920 2388 hanc
950 2323 1207 2390 subtractionem
1238 2347 1339 2393 suam.

289 2424 433 2512 Rogavit
461 2425 573 2513 igitur,
597 2429 632 2490 aa
654 2423 813 2505 nasuta,
844 2425 874 2489 si
903 2429 938 2490 aa
970 2429 1132 2511 quatenus
1157 2409 1275 2492 'unser
1303 2429 1340 2493 in

288 2527 398 2592 animo
419 2531 523 2593 staret
553 2527 741 2615 dispositus,
765 2531 804 2592 ut
825 2527 936 2607 vellet,
960 2527 1039 2614 qnia
1060 2528 1192 2594 carebat
1215 2527 1338 2611 liberis,

287 2630 397 2716 ipsum
419 2629 604 2695 manerium
624 2630 774 2708 vendere,
797 2629 992 2716 dignaretur
1013 2629 1087 2708 sibi,
1105 2635 1240 2718 propter
1261 2653 1339 2698 cau-

288 2753 359 2797 sam
391 2731 513 2797 nedum
545 2732 677 2812 dictam,
703 2729 826 2796 *immo
859 2731 969 2809 etiam,
994 2731 1037 2796 ob
1069 2731 1285 2812 affectionem,
1309 2734 1339 2798 si

289 2853 390 2920 qnam
412 2831 549 2898 haberet
571 2832 614 2897 ad
636 2853 810 2920 personam
841 2853 941 2910 snam,
964 2832 1139 2898 concedere
1161 2835 1253 2921 prius
1276 2834 1340 2900 sibi

288 2957 387 3023 quam
411 2936 509 3002 alicui
540 2936 638 3002 alteri
661 2935 846 3023 pactionem
869 2933 980 3014 illam3
1008 2941 1043 3000 et
1063 2934 1164 3001 vellet
1186 2936 1241 3002 ille
1264 2941 1339 3001 tan-

287 3043 363 3105 tum
384 3060 443 3125 pro
465 3039 537 3125 ipsa
558 3039 682 3104 solvere
704 3037 790 3102 sicut
805 3036 926 3122 aliquis
941 3035 994 3102 vir
1016 3036 1108 3114 alius,
1124 3037 1181 3123 qui
1203 3037 1338 3116 laborat,

289 3141 359 3208 sive
380 3141 559 3222 laborabat,
581 3141 625 3206 ad
646 3138 836 3205 habendum
858 3137 960 3206 illam.

336 3242 509 3322 Possessor,
532 3242 597 3307 hiis
624 3247 733 3307 motus
755 3239 898 3305 Abbatis
920 3238 1098 3318 instantiis,
1121 3238 1340 3327 respondebat
1351 3245 1405 3296 The
1416 3259 1502 3298 om

289 3345 321 3412 ei
342 3344 473 3425 iterum,
496 3344 546 3409 ita
569 3344 679 3410 dicens
692 3351 763 3409 :—“
778 3341 880 3407 Pater
905 3340 1114 3421 venerabilis,
1142 3351 1177 3408 et
1208 3325 1507 3445 domineffllffl&

289 3453 308 3484 “
330 3447 377 3512 mi
399 3446 543 3511 maxime
566 3443 851 3532 singularis-Ad
866 3444 971 3510 instar
992 3443 1070 3509 licet
1092 3443 1196 3510 muris
1210 3445 1247 3510 in
1270 3467 1339 3511 sec·
1350 3445 1507 3524 neamgive

288 3554 307 3586 “
330 3549 411 3628 culo,
427 3569 485 3614 seu
507 3547 593 3636 ignis
615 3548 651 3612 in
666 3547 798 3635 gremio,
817 3546 976 3633 serpentis
999 3544 1036 3610 in
1057 3545 1143 3624 sinu,
1157 3547 1212 3612 vel
1234 3511 1492 3643 hostiam,

288 3659 308 3688 ‘⁸
330 3650 365 3716 in
388 3650 482 3732 ostio,
506 3649 634 3716 soleant
660 3648 869 3735 quamplures
892 3647 1055 3714 modernis
1077 3649 1114 3713 in
1137 3651 1339 3738 temporibus
1351 3645 1514 3764 ”ltaliam

289 3757 309 3788 “
329 3773 537 3818 remunerare
552 3750 695 3839 hospites
711 3756 746 3817 et
762 3748 1038 3831 ³a1umn0ssuos;
1059 3751 1136 3816 nolo
1151 3756 1264 3818 tamen
1279 3775 1338 3840 ego
1351 3726 1432 3828 llud
1480 3726 1495 3761 Θ

291 3859 309 3890 “
330 3854 381 3919 ita
399 3854 513 3934 facere,
537 3851 662 3918 ²imm0
677 3852 790 3938 magis,
807 3851 932 3916 imitari
947 3857 1099 3921 naturam
1116 3853 1257 3932 ciconiae,
1280 3875 1340 3941 per
1350 3858 1445 3894 maner.

291 3963 310 3992 ⁴⁴
331 3955 530 4042 modumque
552 3955 624 4020 avis
638 3954 734 4020 istius
756 3953 995 4040 gratitudinem
1018 3975 1078 4041 pro
1100 3955 1341 4041 ingratitudine

291 4063 310 4093 “
331 4079 546 4124 remunerare.
590 4057 675 4122 Volo
698 4055 795 4134 enim,
818 4060 954 4143 propter
975 4077 1107 4122 causam
1130 4056 1252 4122 nedum
1283 4079 1342 4144 per

289 4165 308 4196 “
329 4165 475 4227 vestram
491 4159 750 4226 dominationem
765 4159 862 4223 modo
877 4159 1007 4239 dictam
1031 4155 1155 4223 ”immo
1171 4155 1281 4240 etiam,
1298 4159 1340 4224 ob

291 4268 310 4299 “
332 4263 569 4350 gratitudinem
585 4262 621 4327 in
636 4283 710 4327 mea
730 4261 950 4328 adolescentia
969 4260 1161 4342 exhibitam,
1177 4259 1285 4325 *mihi
1307 4266 1342 4328 et

291 4371 308 4402 “
330 4369 505 4446 ostensam,
527 4365 705 4452 praefatum
734 4362 920 4430 manerium
942 4384 1052 4430 meum
1073 4363 1169 4429 vobis
1190 4363 1340 4445 vendere,

288 4471 525 4554 “servareque
557 4472 690 4555 pactum
721 4465 813 4531 istud
850 4466 887 4530 in
920 4487 1021 4530 manu
1052 4487 1133 4544 mea,
1167 4463 1244 4532 licet
1280 4486 1340 4554 pro

322 4736 540 4790 ¹iusletitinMS.
874 4733 1125 4800 ³n1mapnoainMS.

322 4815 501 4883 'pucinlffi
896 4812 1069 4884 nicllinMS.
1168 4871 1184 4882 Ι,
1300 4839 1304 4846 ·
