3668 5842
459 885 523 948 288
789 897 988 947 snolsrnnu
1012 895 1168 946 sussum

289 1095 357 1146 Aa).
373 1097 446 1144 1457.
458 1095 596 1161 sanioris
626 1095 790 1183 opinionis
820 1095 999 1162 videbatur
1029 1095 1093 1161 sibi
1116 1095 1224 1174 fuisse,
1247 1099 1379 1160 tantum
1401 1095 1507 1182 msgis

457 1197 604 1275 insaniit,
620 1198 858 1284 insaniorisque
881 1197 1045 1285 opinionis
1068 1198 1325 1264 convincebatur
1347 1197 1505 1274 extitisse,

458 1297 649 1365 ¹humiliter
679 1301 777 1366 modo
808 1299 848 1365 de
879 1322 914 1366 se
944 1299 1054 1378 sentit,
1078 1298 1250 1366 humiliter
1279 1299 1315 1365 in
1345 1321 1379 1364 se
1410 1298 1507 1386 sapit,

457 1401 699 1488 humiliterque,
723 1399 855 1481 ”imma
878 1401 1072 1480 humillime,
1096 1401 1220 1468 fatetur
1246 1423 1280 1468 se
1307 1423 1439 1478 errasse,
1471 1422 1508 1466 ac

458 1506 547 1590 quod
579 1506 667 1592 apud
699 1527 733 1570 se
770 1505 882 1592 sapuit
913 1504 1055 1591 amplius
1082 1526 1181 1590 quam
1220 1503 1368 1591 oportuit
1397 1503 1507 1590 ipsum

459 1607 611 1693 sapuisse.
658 1607 712 1673 sic
743 1607 845 1672 etiam
878 1607 1083 1673 intoxicstor
1115 1605 1170 1672 ille
1204 1605 1416 1692 impissimus‚
1450 1605 1508 1692 qui

458 1709 604 1794 perfidise
619 1731 785 1775 venenum
800 1709 985 1787 imbiberat,
1001 1714 1041 1774 ut
1055 1709 1173 1796 ipsum,
1190 1707 1393 1789 imbibitum,
1405 1707 1509 1774 effim-

460 1814 552 1880 dcret
583 1813 715 1891 iterum,
747 1836 785 1880 ac
820 1813 977 1901 populum
1000 1812 1180 1899 simplicem
1203 1813 1240 1878 in
1261 1813 1326 1878 fide
1352 1811 1509 1879 infestive

460 1913 661 1998 informaret,
692 1915 810 2003 expuit
843 1915 953 2002 ipsum
988 1915 1095 1993 modo,
1123 1909 1319 2001 ³taliterque
1350 1914 1509 1992 evomuit,

460 2017 548 2104 quod

506 2137 523 2167 ‘¹
546 2131 636 2197 Dum
659 2131 717 2198 Sol
740 2131 799 2197 dat
821 2131 961 2211 radium,
986 2131 1076 2196 Mars
1097 2131 1185 2219 gerit
1206 2137 1267 2197 aut
1289 2129 1464 2220 gladium,”

459 2244 568 2332 ipsum
591 2244 747 2327 rebibere,
771 2267 829 2311 seu
852 2244 1018 2333 reglutire,
1040 2245 1230 2312 nullatenus
1252 2268 1351 2313 ausus
1372 2246 1444 2314 erit.

292 2368 366 2422 Goon
506 2348 562 2414 Sic
584 2347 726 2434 insuper,
744 2348 827 2413 illud
849 2348 1006 2414 horribile
1037 2355 1230 2428 monstrum,
1253 2350 1342 2435 quod
1371 2371 1511 2436 regnum

292 2435 424 2554 ἓξὲξ
461 2449 593 2537 Angiiae
610 2449 681 2537 jam
713 2473 818 2538 nuper
839 2452 991 2517 abortiva
1013 2451 1172 2539 produxit
1193 2452 1314 2531 adesse,
1337 2452 1373 2518 in
1395 2452 1512 2518 melius

294 2567 437 2620 ancarana
461 2551 654 2618 reformavit
691 2553 982 2640 Archipraesularis
1018 2551 1253 2635 ⁴auctoritas;
1290 2555 1395 2642 deque
1436 2555 1512 2620 rudi

292 2634 438 2766 ffiepb'
461 2676 579 2736 massa,
618 2661 653 2720 et
690 2654 840 2736 deformi,
879 2656 958 2722 fecit
995 2679 1064 2722 esse
1102 2656 1327 2724 babitaculum
1366 2657 1512 2745 Spiritus

292 2768 429 2834 authority.
462 2757 586 2833 Sancti,
600 2757 908 2844 receptaculumque
931 2759 1047 2846 gratiae
1070 2757 1221 2826 melioris.
1267 2761 1385 2847 Sicque
1406 2759 1513 2826 adhuc
1630 2831 1635 2842 ,

461 2859 609 2938 ulterius,
633 2864 674 2925 ut
695 2865 844 2926 recenter
866 2859 973 2948 magis
994 2861 1180 2928 retineatur
1200 2863 1238 2928 in
1260 2867 1369 2928 mente
1392 2884 1513 2929 memo·

461 2961 512 3028 ria
541 2961 684 3028 nominis
714 2961 825 3049 ipsius,
848 2962 1004 3030 scribitur
1033 2963 1073 3029 de
1095 2964 1166 3052 ipso
1189 2963 1349 3054 Episcopo
1369 2965 1513 3042 metrice,

460 3066 522 3132 sub
545 3065 610 3132 hiis
631 3065 805 3132 verbis:-

294 3201 410 3254 &urica
507 3189 525 3218 “
549 3181 605 3248 Sic
627 3180 838 3268 deplumatus
860 3203 947 3268 pavo
970 3183 1044 3262 fuit,
1068 3187 1102 3248 et
1118 3183 1285 3270 spoliatus,

294 3283 449 3333 verscsnpon

294 3335 402 3386 Pccock.
554 3289 572 3318 ‘⁸
595 3281 739 3369 ⁶Sicque
762 3285 827 3349 sibi
849 3283 952 3363 siluit,
973 3307 1040 3349 vox
1063 3284 1141 3370 qnia
1162 3307 1261 3352 rauca
1283 3287 1356 3353 fuit,

510 3393 526 3419 “
550 3385 605 3452 Sic
627 3385 754 3451 dudum
777 3386 930 3468 volucris,
952 3409 1028 3473 quae
1050 3409 1171 3453 nomen
1193 3388 1338 3454 habebat
1359 3389 1500 3470 honoris,

553 3493 572 3523 “
595 3487 700 3569 Bubo,
722 3509 790 3553 non
813 3510 907 3575 pavo,
932 3487 1055 3554 dicitur
1077 3511 1147 3554 esse
1170 3491 1275 3558 modo.

508 3596 525 3624 “
548 3587 691 3655 Nomine
714 3591 839 3678 privcri
861 3591 945 3670 vult,
968 3597 1068 3678 atque
1090 3593 1197 3680 gradu
1219 3594 1362 3681 spoliari,

553 3699 570 3727 “
594 3690 661 3772 Qui
682 3693 789 3758 violat
811 3692 891 3758 fidei
913 3692 1077 3780 dogmata,
1099 3697 1169 3762 sive
1192 3695 1264 3762 Dei

510 3801 527 3826 “
549 3791 603 3859 Ne
626 3794 673 3862 sic
695 3795 845 3882 priveris,
867 3795 938 3864 haec
960 3795 1018 3881 qui
1040 3795 1132 3883 legis,
1155 3803 1216 3864 ant
1237 3799 1394 3885 spolieris,

555 3902 573 3931 “
596 3897 667 3964 Nec
688 3895 783 3964 besse
806 3898 932 3978 tendas,
956 3920 1017 3964 nec
1040 3897 1140 3964 nimis
1162 3899 1233 3965 alta
1254 3909 1356 3988 petas

510 4007 527 4036 “
551 3999 642 4065 Dum
665 4001 811 4066 madium
834 4001 955 4081 tenuit,
978 4022 1111 4067 currum
1133 4003 1238 4089 patris
1260 4003 1344 4070 bene
1367 4003 1477 4084 rexit3

553 4110 569 4136 “
593 4101 676 4167 Alta
698 4104 756 4168 sed
778 4110 818 4168 ut
839 4103 940 4189 petiit
961 4100 1124 4186 ⁰Pheton,
1147 4105 1191 4170 ab
1213 4128 1287 4173 erce
1308 4105 1405 4172 ruit''

509 4225 557 4292 ut
587 4231 681 4314 patet
703 4227 741 4291 in
762 4225 829 4292 hiis
858 4227 979 4314 paucis,
1003 4228 1112 4313 qualis
1141 4229 1206 4296 fuit
1234 4230 1392 4309 reductio,
1415 4230 1516 4298 refor-

500 4482 508 4516 ¹
519 4481 629 4533 humilier
640 4481 666 4532 in
678 4481 735 4533 ΜΒ.
1013 4481 1102 4533 tannis
1127 4483 1461 4553 Octurt—Snpcrscription
1488 4496 1516 4540 to

499 4561 573 4626 ’ymo
585 4559 704 4612 aarum
715 4560 741 4611 in
752 4559 810 4612 MS.
1012 4563 1086 4614 folior
1100 4569 1146 4615 121
1155 4567 1282 4617 b-lm

500 4640 795 4692 'mtterctinHesrnc
1047 4641 1114 4694 ⁶Sic
1131 4642 1159 4694 in
1180 4643 1246 4707 MS..
1265 4647 1389 4712 corracuy
1407 4645 1516 4698 “Pisae-

499 4719 751 4772 *scaminus
1015 4721 1094 4772 stoa!

500 4799 589 4850 ‘Actu
611 4801 670 4849 anni
688 4801 782 4865 septimi
802 4798 908 4850 Abbatia
923 4799 971 4850 Jo-
