3640 5842
477 909 648 960 sosarmo
671 907 954 959 wnnrnrusrsnn
976 908 1150 958 smunnn.
1267 891 1333 960 ³97

290 1101 308 1130 ‘¹
331 1096 522 1177 sermnem,
557 1101 672 1180 aum,
704 1097 866 1175 asenec,
900 1096 1013 1162 cnam
1048 1072 1264 1182 sementem,
1296 1094 1333 1157 in
1346 1099 1413 1151 an.
1427 1104 1499 1150 aar.

289 1203 306 1233 “
328 1199 473 1285 praedam
502 1204 669 1286 ponerent,
691 1221 729 1266 ac
753 1198 1037 1286 depraedationem,
1059 1198 1230 1264 hominum
1260 1218 1333 1284 per-

288 1309 506 1369 “versorum
543 1302 589 1368 Et
611 1301 885 1388 quemadmodum
907 1301 1146 1388 pertimuimus,
1163 1299 1212 1364 ita
1235 1298 1332 1364 modo

289 1407 308 1437 “
330 1403 456 1470 eccidit.
513 1404 589 1470 Jam
628 1403 716 1468 enirn
758 1401 920 1468 venerunt
959 1424 1056 1492 super
1096 1423 1156 1467 nos
1199 1401 1332 1488 quidam

289 1510 308 1540 “
332 1505 487 1570 Sathanae
520 1504 687 1586 satellites,
711 1503 909 1590 Cerberique
940 1505 1073 1584 tirones,
1097 1503 1173 1582 viri,
1197 1503 1332 1583 scilicet,

288 1602 486 1668 “militares
517 1602 558 1668 de
588 1601 833 1668 1alumnatione
863 1602 980 1689 patriae
1003 1601 1155 1679 Boreelis,
1180 1601 1238 1687 qui
1262 1607 1331 1667 tam

291 1711 308 1736 “
330 1703 469 1790 grandia
491 1709 525 1770 et
547 1703 717 1769 horribilia
745 1704 892 1770 fecerunt
921 1703 1016 1769 nobis
1046 1703 1135 1768 male
1164 1705 1200 1768 in
1230 1703 1334 1791 parti-

291 1812 308 1838 “
329 1805 391 1871 bus
414 1805 494 1885 istis,
517 1805 612 1891 quod,
635 1805 701 1870 illis
723 1805 804 1871 visis
826 1811 861 1872 et
882 1806 1067 1886 intellectis,
1090 1826 1158 1872 non
1180 1810 1333 1892 poterant

291 1915 308 1942 ‘¹
331 1907 415 1972 oculi
444 1909 549 1974 nostri
574 1907 735 1994 lacrymas
763 1929 830 1974 non
861 1907 1026 1986 deducere,
1049 1929 1154 1995 neque
1186 1913 1245 1973 eut
1280 1907 1333 1970 die

291 2017 309 2044 “
331 2014 390 2074 eut
418 2015 515 2074 nocte
543 2009 722 2077 valebanus
751 2032 811 2076 nos
836 2033 857 2074 a
878 2010 1014 2097 planctu
1036 2014 1070 2075 et
1100 2010 1226 2096 gemitu
1256 2031 1331 2074 con-

291 2110 441 2176 “tinere
488 2109 603 2191 (lausa,
638 2111 725 2197 quia,
756 2111 785 2176 si
817 2112 935 2199 egressi
967 2112 1124 2177 fuerimus
1156 2111 1198 2177 ed
1228 2132 1332 2197 agros,

291 2218 431 2299 “prope
453 2212 621 2278 Boreslem
644 2213 742 2278 finem
766 2213 855 2280 villae
881 2213 1036 2299 jacentes,
1059 2217 1152 2280 ecce!
1176 2235 1217 2280 ex
1242 2219 1333 2278 utra-

291 2322 308 2348 “
331 2335 393 2399 que
422 2319 515 2401 parte
545 2315 615 2392 viae,
639 2335 677 2379 eo
707 2316 807 2380 etiam
838 2315 960 2402 campis
990 2315 1132 2393 aliunde,
1155 2321 1207 2382 tot
1237 2315 1332 2381 occisi

292 2424 309 2450 “
331 2415 450 2502 gladio,
473 2414 559 2502 quod
583 2415 787 2482 interrivos
809 2418 868 2481 vix
898 2417 1006 2483 adhuc
1031 2423 1136 2484 restat
1157 2439 1251 2496 unus,
1276 2419 1332 2504 qui

291 2525 308 2550 “
330 2517 413 2583 velit
435 2539 497 2598 eos,
521 2540 562 2583 ne
585 2518 704 2584 cedant
731 2517 768 2582 in
799 2540 904 2584 escam
934 2518 1008 2584 ooeli
1030 2519 1228 2600 volatilibus,
1253 2521 1333 2586 cari-

292 2627 309 2653 “
332 2620 437 2685 tative
475 2618 621 2706 sepelire.
681 2619 727 2685 Et
764 2619 793 2684 si
829 2620 1053 2687 introierimus
1089 2622 1125 2686 in
1163 2622 1333 2688 civitatem

291 2727 309 2754 “
331 2721 420 2787 villae
442 2720 548 2807 hujus,
573 2725 669 2788 ecce!
693 2743 805 2788 omnes
827 2723 992 2788 attenuati
1015 2722 1110 2801 farne,
1133 2724 1183 2788 ita
1205 2729 1243 2788 nt
1266 2745 1332 2788 nou

292 2829 308 2856 “
331 2822 475 2888 habeant
489 2822 635 2888 edulium
657 2823 745 2889 unde
762 2825 943 2902 comedant,
958 2846 1063 2910 neque
1085 2833 1200 2912 potum
1223 2825 1334 2906 alium,

292 2933 309 2959 “
331 2930 451 3012 praeter
486 2925 626 3003 laticem,
666 2925 706 2991 de
746 2947 811 3012 quo
852 2932 985 3012 gustare
1026 2927 1147 2994 valent
1214 2927 1334 2994 Omnia

292 3027 569 3094 “subtraxerunt
597 3028 655 3093 isti
685 3027 746 3092 filii
770 3027 882 3106 Belial,
905 3029 979 3106 riri,
994 3029 1136 3107 scilicet,
1161 3030 1334 3110 Boreales;

291 3137 309 3164 “
331 3129 444 3194 omnia
466 3134 656 3216 rapuerunt,
687 3132 798 3196 omnia
828 3135 1053 3209 vastaverunt,
1084 3153 1122 3196 ac
1148 3153 1256 3197 secum
1284 3155 1335 3196 as·

292 3239 310 3266 “
331 3237 548 3318 portaverunt
569 3232 614 3297 ad
635 3239 744 3319 partes
765 3253 846 3302 snas.

338 3333 412 3399 “Et
444 3335 472 3400 si
507 3333 613 3400 adhuc
647 3335 786 3400 ulterius
817 3335 955 3422 ingressi
986 3335 1144 3400 fuerimus
1175 3335 1211 3400 in
1244 3336 1334 3400 istud

292 3445 310 3472 “
334 3436 543 3502 Dominicum
568 3436 808 3516 sanctuarium,
831 3441 927 3503 ecce!
950 3437 1108 3525 propheta
1130 3444 1165 3504 et
1187 3439 1336 3505 sacerdos

291 3547 309 3572 “
332 3538 485 3605 abierunt
518 3539 555 3603 in
587 3543 709 3604 terram
741 3561 840 3626 quam
869 3540 1033 3626 ignorant.
1079 3541 1182 3608 Ecce!
1205 3541 1334 3620 fratres,

292 3646 310 3675 “
333 3645 422 3706 ecce!
457 3640 550 3705 Prior
571 3645 689 3722 vester,
721 3647 756 3707 et
786 3646 897 3708 noster
921 3643 1186 3722 Archidiaconns,
1217 3645 1335 3710 timore

292 3751 308 3778 “
331 3743 431 3822 ducti,
455 3748 657 3808 recesserunt
688 3765 748 3830 pro
772 3749 918 3831 tempore
948 3744 989 3811 de
1019 3751 1131 3812 nostra
1160 3767 1335 3833 congrega·

292 3853 309 3878 ‘⁴
332 3845 431 3922 tione,
464 3848 735 3931 optaveruntqne,
775 3845 851 3910 dum
892 3845 1088 3927 recederent,
1120 3868 1155 3912 se
1178 3846 1191 3886 ²
1211 3869 1336 3934 pennas

291 3953 309 3980 “
331 3945 459 4025 habere,
483 3946 568 4012 siout
589 3947 756 4026 columbae,
779 3947 937 4034 quatinus
967 3949 1096 4014 evolare
1119 3949 1277 4028 valerent,
1301 3954 1336 4014 et

292 4053 310 4083 “
332 4049 540 4134 requiescere,
572 4070 678 4135 seque,
708 4070 750 4114 ne
780 4049 940 4134 aspiceret
970 4072 1024 4116 eos
1053 4051 1145 4115 visus
1182 4049 1333 4129 hominis,

290 4158 308 4186 “
331 4151 492 4237 usquein
515 4149 727 4216 solitudinem
751 4151 912 4238 elongare.

337 4252 447 4319 “Eone
480 4253 600 4318 etiam!
638 4258 713 4340 post
752 4273 864 4319 eornm
895 4274 1065 4331 recessum,
1094 4254 1261 4320 irruerunt
1298 4255 1334 4319 in

292 4361 310 4389 “
332 4353 423 4420 istud
438 4353 574 4420 Domini
591 4354 837 4421 tabernaculum
860 4356 1010 4421 homines
1031 4356 1211 4442 rapaciores
1226 4357 1334 4421 ³Her-

292 4459 309 4490 “
331 4455 427 4543 pylio,
461 4455 675 4542 leonibusque
707 4457 888 4536 ferociores,
919 4458 985 4543 qui,
1023 4458 1179 4544 gentilico
1215 4459 1335 4545 spiritu

323 4753 626 4822 ¹olunpnuticaeinMS.
871 4755 1084 4826 ’Aquinium

324 4833 335 4866 ²
348 4833 434 4886 Palm
445 4836 479 4886 lv.
490 4840 514 4886 6.
