3668 5842
548 888 724 940 consume
746 887 1033 940 wnmnrmrnoa
1055 889 1232 942 securum.
1354 877 1418 942 299

367 1079 562 1147 “dominos
592 1079 634 1147 de
663 1079 825 1167 sunguine
846 1083 961 1148 nostro
984 1084 1020 1147 et
1041 1079 1122 1146 alios
1152 1079 1193 1147 de
1223 1080 1345 1160 eodem,
1376 1081 1501 1148 adnm.
1515 1095 1586 1144 ires

371 1187 389 1219 ‘⁸
410 1182 657 1249 fortificendum
678 1204 739 1248 nos
762 1185 877 1250 contra
900 1182 1052 1248 inimicos
1075 1187 1214 1262 nostros,
1246 1183 1304 1270 qui
1326 1184 1421 1250 meli·

372 1291 389 1322 “
411 1285 495 1352 tiose
518 1284 686 1352 solicitant
716 1306 751 1351 se
774 1285 818 1350 sd
840 1283 1049 1352 subdendum
1072 1282 1262 1371 ¹tyranniae
1285 1289 1363 1368 suae,
1386 1291 1421 1353 ct

371 1394 388 1424 “
410 1387 455 1454 ad
492 1386 717 1455 devorandum
755 1393 885 1454 nostros
923 1392 1029 1454 terras
1063 1391 1098 1454 et
1126 1388 1275 1456 subditos
1289 1389 1419 1467 2—Nos‚

370 1498 388 1526 “
411 1491 621 1558 recordantes
644 1490 742 1558 dictae
764 1512 852 1558 curoe
874 1494 1005 1570 nostrae,
1028 1491 1062 1558 et
1086 1489 1129 1556 ad
1152 1491 1420 1579 complacendum

370 1600 390 1630 “
412 1593 580 1660 Salvatori
600 1598 724 1672 nostro,
746 1593 805 1681 qui
826 1600 941 1660 manet
963 1593 1001 1659 in
1022 1593 1164 1676 unitate,
1180 1594 1364 1675 dilectione,
1385 1599 1420 1661 et

371 1703 390 1732 “
411 1717 500 1785 pace,
524 1700 654 1763 mature
675 1695 908 1778 intelleximus,
933 1696 1195 1785 ponderavimus,
1217 1701 1253 1762 et
1275 1697 1420 1764 conside-

372 1803 390 1835 “
411 1798 567 1882 ravimus,
588 1797 777 1884 hujusmodi
798 1798 987 1878 varietates,
1009 1796 1279 1878 2coneroversies,
1300 1803 1335 1865 et
1357 1799 1421 1866 dif-

371 1908 388 1937 “
410 1901 575 1980 forentius,
597 1921 673 1986 quae
695 1899 830 1967 fuerunt
852 1905 941 1968 certo
964 1905 1110 1988 tempore
1125 1902 1214 1968 inter
1228 1902 1419 1968 confidelem

370 2013 388 2040 “
414 2009 449 2071 et
456 2003 681 2092 praedilectum
697 2004 972 2092 consanguineum
981 2007 1140 2084 nostrum,
1154 2005 1339 2084 Ricardum,
1351 2005 1420 2071 Du·

258 2181 261 2189 ,
372 2114 390 2144 “
412 2129 482 2174 cem
511 2106 658 2186 Eboraci,
680 2111 810 2173 nostros
841 2106 1016 2174 confideles
1051 2111 1086 2173 et
1117 2107 1322 2195 praedilectos
1344 2129 1421 2174 con-

371 2217 389 2248 “
412 2209 617 2298 sanguineos,
627 2208 814 2288 Ricardum,
827 2208 989 2276 Comitem
1000 2208 1176 2295 Warwyci,
1186 2216 1220 2277 et
1232 2210 1419 2291 Ricardum,

371 2321 389 2348 “
412 2311 576 2381 Comitem
607 2311 735 2393 Sarum,
760 2315 794 2377 et
825 2312 915 2390 elios,
949 2311 1096 2398 ejusdem
1131 2311 1271 2378 Comitis
1301 2312 1419 2379 Sarum

370 2423 390 2452 “
412 2421 516 2495 natos,
538 2436 580 2480 ex
604 2436 671 2479 nne
692 2419 809 2500 parte:
833 2436 872 2480 ac
894 2419 1024 2479 nostroe
1047 2415 1221 2482 confideles
1242 2421 1277 2482 et
1303 2417 1421 2502 praedi-

371 2525 391 2557 ‘⁴
413 2517 513 2584 lectos
545 2517 813 2604 consanguineos,
845 2515 1048 2595 Alianoram,
1087 2517 1259 2585 Ducissam
1290 2518 1421 2586 Semer-

371 2631 389 2658 “
411 2621 530 2700 oetriae,
553 2618 745 2698 Henricurn,
767 2618 894 2686 Ducem
924 2618 1162 2700 Somercetriae,
1185 2620 1294 2686 filium
1314 2643 1420 2701 suum,

372 2730 389 2763 “
412 2729 447 2791 et
469 2724 551 2791 alios
573 2727 670 2788 natos
692 2743 776 2802 suos,
800 2725 929 2788 nostros
952 2721 1126 2788 confideles
1156 2726 1191 2788 et
1216 2723 1421 2809 praedileotos

370 2832 389 2864 “
412 2824 680 2912 consanguineos,
702 2823 906 2902 Alienorum,
928 2822 1138 2890 comitissam
1160 2825 1419 2908 Nerthumbfiae,

371 2937 387 2966 ‘⁴
411 2929 602 3009 Henrieum,
631 2927 794 2994 Comitem
824 2926 1083 3008 Nerthumbriae,
1114 2926 1219 2993 filium
1253 2949 1359 3006 suum,
1386 2935 1421 2996 et

371 3041 390 3068 “
412 3033 494 3099 elios
515 3037 611 3098 natos
633 3053 716 3110 snos,
739 3034 773 3096 et
795 3035 926 3096 nostroe
948 3029 1122 3096 confideles
1144 3035 1179 3096 et
1204 3031 1422 3118 prredilectos,

370 3142 388 3171 ‘¹
411 3135 434 3202 J
435 3134 606 3216 ohannem,
621 3133 802 3200 Dominum
824 3132 865 3199 de
887 3132 1050 3212 Olifforde,
1067 3137 1101 3199 et
1116 3133 1233 3200 fratres
1248 3138 1283 3200 et
1297 3156 1421 3201 sorores

373 3245 390 3276 “
412 3259 497 3317 suos,
520 3259 564 3302 ex
585 3237 651 3303 alia
672 3239 790 3324 perte;
814 3240 965 3302 eaumtns
987 3235 1214 3324 principaliter
1235 3258 1293 3324 per
1316 3243 1420 3304 certes

370 3351 387 3378 ‘⁴
412 3339 636 3406 obviationem
651 3344 687 3405 et
700 3338 949 3404 inseiltationem
972 3341 1050 3404 ante
1074 3338 1144 3405 haec
1166 3344 1317 3428 tempora
1330 3341 1420 3427 apud

372 3450 391 3480 “
415 3443 530 3510 villam
552 3441 593 3509 de
616 3441 738 3508 Sancto
761 3440 894 3508 Albano
906 3465 915 3522 ;
938 3440 1108 3527 inquibus
1122 3441 1235 3508 mariti
1258 3442 1419 3510 dictarum

372 3553 391 3582 “
414 3545 562 3612 Ducissae
583 3549 618 3610 et
646 3543 839 3622 Comitissae,
861 3549 896 3609 et
927 3548 1037 3630 patres
1068 3543 1232 3610 dictorum
1262 3545 1420 3632 ⁸[Ducis]

372 3656 389 3684 ‘⁴
413 3647 649 3725 Somercetriee,
684 3645 824 3712 Comitis
857 3645 1120 3727 Northumbrioe,
1148 3652 1183 3712 et
1214 3647 1351 3713 Domini
1380 3649 1421 3714 de

374 3759 392 3788 “
414 3749 581 3829 aliterue,
604 3749 770 3816 interfecti
792 3750 935 3815 fuerunt.
980 3749 1027 3814 Et
1046 3769 1107 3814 nos
1130 3747 1421 3816 determinavimus

373 3859 391 3891 “
415 3853 452 3918 in
486 3852 647 3931 omnibus,
669 3851 713 3917 ad
744 3850 979 3917 removendum
1011 3855 1046 3917 et
1078 3851 1212 3917 omnino
1245 3851 1421 3918 delendum

371 3965 388 3994 “
412 3954 671 4022 ²00ntr0versias
704 3953 886 4041 praedictos,
919 3957 954 4019 et
985 3953 1029 4018 ad
1060 3953 1282 4020 reducendum
1312 3961 1421 4040 partes

374 4066 392 4096 “
413 4059 589 4147 praedictos
611 4057 655 4123 ad
678 4077 789 4123 veram
812 4055 978 4134 unionem,
1002 4055 1221 4136 dilectionem,
1236 4060 1272 4122 et
1293 4077 1423 4123 concor·

372 4169 391 4198 “
415 4161 514 4228 diam.
560 4161 606 4226 Et
627 4159 780 4246 quamvis
809 4159 861 4224 ite
888 4157 944 4239 eit,
967 4179 1027 4224 nos
1051 4181 1094 4224 ex
1116 4158 1236 4224 nostris
1258 4180 1421 4246 praeroge-

372 4271 388 4300 “
411 4264 494 4344 tiva,
517 4259 800 4349 *praeeminentia
824 4265 858 4326 et
889 4260 1086 4326 auctoritate
1117 4261 1195 4338 alta,
1221 4283 1303 4348 quas
1331 4261 1422 4328 Deus

372 4373 390 4404 “
413 4365 510 4432 nobis
541 4363 643 4444 dedit,
665 4361 709 4428 ad
736 4362 987 4450 gubernandum
1010 4366 1046 4427 et
1068 4363 1248 4450 regendum
1270 4363 1421 4432 subditos
