3588 5838
496 871 669 922 ronanurs
692 867 976 920 uumerusrnon
999 869 1173 920 sncuumu.
1341 851 1362 921 7

318 1057 503 1126 ¹allooutus
530 1063 716 1140 essat;-“
725 1057 867 1136 Fratres,
892 1057 1030 1122 verbum
1055 1062 1105 1123 est
1135 1077 1260 1136 verum,
1284 1056 1362 1141 quia
1375 1061 1443 1117 Μ).
1458 1071 1529 1118 1451.

318 1170 336 1198 “
357 1160 729 1243 Dominicum,-²‘Qui
751 1159 879 1248 appetit
900 1161 1061 1238 intervos
1082 1160 1187 1246 major
1201 1158 1283 1238 fieri,
1297 1159 1356 1225 fiet

317 1271 336 1300 ‘⁴
360 1266 467 1331 ‘sicut
494 1266 616 1351 junior,
648 1268 683 1329 et
719 1263 777 1349 qui
809 1285 990 1350 praeceseor,
1021 1263 1107 1328 sicut
1139 1259 1362 1328 ministrator?

315 1375 334 1402 “
357 1368 443 1434 Nolo
475 1390 552 1455 ergo
586 1369 675 1432 inter
706 1387 765 1431 vos
799 1365 1019 1451 majoritatem
1052 1370 1215 1453 appetere,
1238 1361 1360 1431 ⁸immo

314 1475 334 1504 “
355 1472 475 1557 potius,
498 1491 660 1558 respuere,
683 1469 783 1554 inque
805 1461 915 1534 uirum
946 1468 1095 1554 probum,
1118 1470 1303 1554 probatum,
1326 1474 1361 1533 et

312 1579 329 1606 “
352 1579 535 1660 expertum,
557 1577 693 1659 patrem,
715 1570 880 1652 videlicet,
903 1576 1055 1636 nostrum
1084 1571 1297 1659 praeteritum,
1322 1574 1362 1636 ut

312 1684 331 1708 “
353 1675 423 1761 ipse
445 1675 539 1740 illam
560 1696 674 1740 rursus
695 1673 878 1760 reaccipiat,
902 1695 944 1738 ex
977 1677 1050 1739 tota
1073 1679 1193 1752 mente,
1217 1694 1258 1738 ex
1289 1677 1362 1740 tota

311 1784 332 1811 ‘⁴
353 1778 473 1858 anima,
495 1799 538 1842 ex
562 1765 777 1862 omnibusque
800 1777 881 1842 meis
896 1776 1034 1855 viribus,
1050 1776 1237 1842 cordialiter
1252 1797 1361 1841 assen-

311 1888 330 1914 “
352 1880 424 1946 tire.
467 1881 518 1947 Ut
548 1880 652 1966 igitur
682 1879 718 1943 in
740 1879 850 1965 ipsum
871 1877 1082 1944 ⁴assentiatis
1105 1901 1164 1945 vos
1186 1878 1296 1956 etiam,
1319 1876 1361 1942 do

311 1989 330 2014 “
351 1981 447 2046 vobis
485 2003 611 2059 senum,
649 1985 690 2046 ut
721 1981 858 2060 aestimo,
890 2003 1154 2069 expressumque,
1189 1979 1361 2046 consilium

311 2090 330 2118 ‘⁴
352 2107 472 2152 mcum.
506 2085 581 2172 Ipse
596 2084 720 2160 etenim
730 2084 768 2148 in
779 2084 951 2171 praeterita
962 2106 1022 2150 sua
1033 2085 1225 2171 praelatione
1239 2106 1362 2170 nequa-

311 2195 330 2222 “
352 2209 460 2274 quam,
469 2193 509 2256 ut
523 2187 630 2253 solent
639 2187 734 2267 varii,
743 2187 849 2273 primo
862 2209 971 2252 coram
980 2187 1073 2252 vobis
1083 2186 1096 2225 ⁶
1106 2187 1222 2252 vinum
1236 2187 1361 2253 bonum

310 2297 331 2326 “
352 2294 514 2377 posuerat,
536 2294 570 2355 et
593 2289 762 2376 posterius,
778 2309 853 2354 oum
875 2289 1022 2354 fuissetis
1043 2289 1208 2369 inebriati,
1232 2294 1312 2354 tuno
1327 2290 1362 2354 id

312 2397 332 2426 “
354 2392 443 2478 quod
457 2391 600 2458 deterius
623 2395 704 2470 erat,
727 2389 863 2468 ³imm0,
888 2413 1017 2479 semper
1039 2392 1156 2458 melius
1178 2397 1213 2458 et
1234 2393 1361 2470 melius,

312 2501 543 2582 “semperque
558 2494 650 2560 laute
666 2491 771 2579 magis
793 2514 831 2558 ec
846 2495 961 2581 magis,
977 2500 1077 2580 prout
1098 2495 1240 2573 sentitis,
1256 2495 1362 2560 indies

312 2604 330 2630 ‘¹
351 2595 465 2662 reiecit
496 2595 635 2662 sitibiles
670 2595 837 2682 appetitus
872 2600 1009 2662 vestros
1055 2596 1099 2660 In
1120 2597 1227 2683 ipsum
1249 2597 1362 2685 igitur,

313 2707 331 2732 “
353 2699 497 2780 consulo,
531 2719 679 2785 suggero,
712 2703 747 2764 et
780 2698 923 2784 requiro,
955 2703 1004 2777 ut,
1037 2720 1089 2765 me
1120 2701 1270 2786 seposito,
1303 2721 1363 2766 vos

313 2808 330 2836 “
353 2823 465 2867 omnes
486 2801 688 2866 unanimiter
708 2797 973 2867 ⁶consentiatis?

358 2903 445 2969 Moti
466 2902 583 2968 fratres
605 2903 662 2966 isti
684 2900 748 2967 hiis
772 2902 883 2967 verbis
898 2923 965 2967 non
980 2903 1106 2969 modice
1120 2904 1361 2990 adquieverunt
1373 2923 1430 2972 The
1442 2919 1514 2972 Pn'or

311 3006 463 3092 protinus
484 3005 553 3070 suis
575 3001 749 3083 ''oonsiliis
766 3011 1063 3090 consenseruntque
1085 3006 1250 3072 adhaerere
1273 3008 1362 3093 patri
1374 2991 1492 3106 ffl⁸

310 3109 479 3196 praeterito
508 3109 546 3172 in
575 3108 708 3194 negotio
738 3107 862 3172 futurae
885 3107 1060 3174 electionis.
1120 3109 1217 3189 Quod
1240 3107 1468 3174 ⁸Prior00arse.

313 3211 459 3290 audiens,
488 3216 524 3276 et
561 3231 675 3296 paoem
711 3210 932 3296 honoremque
962 3211 1103 3278 ecclesiae
1133 3212 1276 3278 multum
1305 3213 1361 3278 de-

313 3314 467 3393 siderans,
499 3333 576 3377 mox
608 3333 683 3377 suos
713 3316 947 3381 consentaneos
977 3335 1089 3380 omnes
1119 3315 1162 3380 ad
1188 3336 1223 3380 se
1253 3315 1363 3380 venire

310 3419 464 3505 jusserat,
486 3435 605 3501 eosque
627 3419 805 3500 praesentes
828 3415 941 3480 taliter
962 3415 1123 3483 allocutus
1146 3423 1217 3483 erat
1230 3443 1283 3482 :-

360 3527 376 3553 “
399 3519 540 3595 Fratres,
563 3516 752 3594 confratres,
768 3519 802 3581 et
824 3517 1107 3599 consocii-Quia
1121 3519 1258 3584 inbono
1276 3520 1363 3605 pacis
1375 3529 1532 3581 Humorem

314 3627 333 3657 “
356 3626 391 3688 et
416 3618 599 3686 concordiae
624 3617 734 3684 solum
764 3622 814 3683 est
845 3640 940 3685 omne
970 3621 1093 3686 bonum
1124 3622 1211 3708 quod
1241 3621 1364 3709 poterit
1376 3596 1521 3728 ffiffl

315 3731 333 3759 ‘⁴
356 3722 485 3802 sesain
508 3721 595 3787 malo
618 3742 697 3786 vero
720 3720 899 3800 discordiae,
922 3723 992 3787 sive
1014 3723 1124 3810 litigii,
1147 3724 1253 3790 solum
1269 3745 1364 3790 omne

315 3833 335 3862 “
356 3826 481 3890 malum
503 3823 592 3910 quod
614 3823 738 3910 poterit
760 3823 890 3902 exoriri,
912 3825 986 3890 ideo
1017 3825 1131 3892 hortor
1156 3849 1215 3892 vos
1245 3849 1364 3905 omnes,

315 3934 333 3964 “
356 3949 394 3993 ae
416 3928 581 4003 exhortor,
604 3925 641 3990 in
662 3927 807 3991 Auctore
828 3927 927 4011 pacis,
952 3928 1111 4013 quatinus
1133 3951 1208 3994 cum
1238 3929 1365 3994 coeteris

316 4039 333 4066 “
357 4031 478 4096 vestris
500 4028 667 4104 fratribus,
698 4028 756 4113 qui
788 4028 882 4094 vobis
913 4050 1049 4096 numero
1073 4037 1151 4096 sunt
1180 4031 1296 4118 plures,
1327 4052 1365 4095 ac

316 4139 334 4168 “
355 4134 458 4200 etiam
480 4135 579 4198 aetate
600 4129 751 4210 seniores,
768 4130 913 4212 univoce,
929 4132 1141 4212 concorditer,
1166 4139 1200 4198 et
1224 4133 1365 4218 pacifice,

349 4419 356 4451 ¹
375 4416 505 4468 Willelms
543 4415 708 4482 Wallr'ugsord
739 4415 820 4466 archi·
839 4428 841 4437 '
898 4421 908 4452 ⁶
920 4420 951 4470 In
961 4419 1068 4470 allusion
1079 4426 1106 4470 to
1115 4417 1185 4468 John
1195 4418 1220 4470 ii.
1235 4425 1272 4470 10,

316 4496 620 4562 diaeum-Margum
639 4495 705 4546 Note
727 4495 754 4546 in
776 4496 819 4546 the
898 4498 1115 4550 ⁶coureaeiotr'sin
1126 4498 1182 4549 MS.

316 4577 384 4627 hand
396 4575 424 4626 of
432 4575 501 4624 Lord
509 4573 622 4624 William
634 4574 752 4624 Horrord.
839 4638 841 4647 Ι
898 4576 1034 4628 ἲωηεὲἶίω
1044 4577 1070 4626 in
1081 4576 1136 4628 MS.

349 4653 420 4706 ²800
430 4651 510 4703 Mark
521 4653 556 4704 ix.
569 4658 609 4703 ³5.
898 4657 909 4689 ⁸
925 4655 1056 4709 Willclmue
1101 4655 1190 4718 Alton,
1241 4656 1363 4707 Prior.-

351 4732 531 4798 ’winus
864 4737 989 4802 Mnrginal
1011 4737 1077 4787 Note
1104 4738 1139 4803 by
1161 4738 1229 4788 Lord
1250 4736 1362 4787 william

351 4813 551 4863 *mentiatisin
562 4812 617 4864 MS.
841 4810 982 4867 [Howard.
