<?xml version="1.0" encoding="UTF-8"?>
<!DOCTYPE html PUBLIC "-//W3C//DTD XHTML 1.0 Transitional//EN"
    "http://www.w3.org/TR/xhtml1/DTD/xhtml1-transitional.dtd">
<html xmlns="http://www.w3.org/1999/xhtml" xml:lang="en" lang="en">
 <head>
  <title>
</title>
<meta http-equiv="Content-Type" content="text/html;charset=utf-8" />
  <meta name='ocr-system' content='tesseract 3.04.00' />
  <meta name='ocr-capabilities' content='ocr_page ocr_carea ocr_par ocr_line ocrx_word'/>
</head>
<body>
  <div class='ocr_page' id='page_1' title='image "./registraquorund00wallgoog_0224.png"; bbox 0 0 3582 5838; ppageno 0'>
   <div class='ocr_carea' id='block_1_1' title="bbox 459 885 1173 951">
    <p class='ocr_par' dir='ltr' id='par_1_1' title="bbox 459 885 1173 951">
     <span class='ocr_line' id='line_1_1' title="bbox 459 885 1173 951; baseline -0.004 -8"><span class='ocrx_word' id='word_1_1' title='bbox 459 885 523 951; x_wconf 86' lang='grc'><strong>166</strong></span> <span class='ocrx_word' id='word_1_2' title='bbox 791 891 990 943; x_wconf 71' lang='lat' dir='ltr'><strong>auulsum</strong></span> <span class='ocrx_word' id='word_1_3' title='bbox 1011 890 1173 941; x_wconf 74' lang='lat' dir='ltr'><strong>ARBATIAE</strong></span> 
     </span>
    </p>
   </div>
   <div class='ocr_carea' id='block_1_2' title="bbox 289 1080 1505 1167">
    <p class='ocr_par' dir='ltr' id='par_1_2' title="bbox 289 1080 1505 1167">
     <span class='ocr_line' id='line_1_2' title="bbox 289 1080 1505 1167; baseline -0.001 -20"><span class='ocrx_word' id='word_1_4' title='bbox 289 1088 476 1148; x_wconf 71' lang='lat' dir='ltr'><strong>AD.1stt.“</strong></span> <span class='ocrx_word' id='word_1_5' title='bbox 497 1084 586 1150; x_wconf 88' lang='lat' dir='ltr'><strong>bona</strong></span> <span class='ocrx_word' id='word_1_6' title='bbox 615 1087 729 1149; x_wconf 88' lang='lat' dir='ltr'><strong>nostra</strong></span> <span class='ocrx_word' id='word_1_7' title='bbox 737 1081 828 1164; x_wconf 81' lang='lat' dir='ltr'><strong>3-in</strong></span> <span class='ocrx_word' id='word_1_8' title='bbox 859 1083 1000 1159; x_wconf 86' lang='lat' dir='ltr'><strong>tantum,</strong></span> <span class='ocrx_word' id='word_1_9' title='bbox 1027 1080 1115 1167; x_wconf 88' lang='lat' dir='ltr'><strong>quod</strong></span> <span class='ocrx_word' id='word_1_10' title='bbox 1141 1080 1213 1165; x_wconf 87' lang='lat' dir='ltr'><strong>jam</strong></span> <span class='ocrx_word' id='word_1_11' title='bbox 1243 1101 1357 1167; x_wconf 90' lang='lat' dir='ltr'><strong>nuper,</strong></span> <span class='ocrx_word' id='word_1_12' title='bbox 1382 1084 1421 1146; x_wconf 89' lang='lat' dir='ltr'><strong>ut</strong></span> <span class='ocrx_word' id='word_1_13' title='bbox 1450 1083 1505 1146; x_wconf 89' lang='lat' dir='ltr'><strong>sto</strong></span> 
     </span>
    </p>
   </div>
   <div class='ocr_carea' id='block_1_3' title="bbox 293 1182 1599 4349">
    <p class='ocr_par' dir='ltr' id='par_1_3' title="bbox 456 1182 1599 4253">
     <span class='ocr_line' id='line_1_3' title="bbox 457 1182 1505 1273; baseline -0.005 -20"><span class='ocrx_word' id='word_1_14' title='bbox 457 1187 609 1253; x_wconf 89' lang='lat' dir='ltr'><strong>“verius</strong></span> <span class='ocrx_word' id='word_1_15' title='bbox 645 1185 840 1273; x_wconf 81' lang='lat' dir='ltr'>pleniusque</span> <span class='ocrx_word' id='word_1_16' title='bbox 870 1183 1073 1261; x_wconf 75' lang='lat' dir='ltr'><strong>certioratus,</strong></span> <span class='ocrx_word' id='word_1_17' title='bbox 1107 1182 1144 1246; x_wconf 91' lang='lat' dir='ltr'><strong>in</strong></span> <span class='ocrx_word' id='word_1_18' title='bbox 1178 1183 1311 1248; x_wconf 88' lang='lat' dir='ltr'><strong>secretis</strong></span> <span class='ocrx_word' id='word_1_19' title='bbox 1343 1185 1505 1270; x_wconf 71' lang='lat' dir='ltr'>suggessit</span> 
     </span>
     <span class='ocr_line' id='line_1_4' title="bbox 457 1284 1505 1374; baseline -0.003 -20"><span class='ocrx_word' id='word_1_20' title='bbox 457 1295 476 1325; x_wconf 88' lang='lat'><em>“</em></span> <span class='ocrx_word' id='word_1_21' title='bbox 498 1289 642 1354; x_wconf 91' lang='lat' dir='ltr'><strong>Domino</strong></span> <span class='ocrx_word' id='word_1_22' title='bbox 666 1287 759 1374; x_wconf 81' lang='lat' dir='ltr'><strong>Regi,</strong></span> <span class='ocrx_word' id='word_1_23' title='bbox 783 1308 821 1352; x_wconf 91' lang='lat' dir='ltr'><strong>ac</strong></span> <span class='ocrx_word' id='word_1_24' title='bbox 842 1285 1013 1374; x_wconf 74' lang='lat' dir='ltr'><strong>persuasit,</strong></span> <span class='ocrx_word' id='word_1_25' title='bbox 1038 1284 1231 1351; x_wconf 90' lang='lat' dir='ltr'><strong>descendere</strong></span> <span class='ocrx_word' id='word_1_26' title='bbox 1262 1285 1304 1350; x_wconf 92' lang='lat' dir='ltr'><strong>de</strong></span> <span class='ocrx_word' id='word_1_27' title='bbox 1327 1285 1505 1351; x_wconf 87' lang='lat' dir='ltr'><strong>Londoniis</strong></span> 
     </span>
     <span class='ocr_line' id='line_1_5' title="bbox 457 1389 1599 1480; baseline -0.004 -21"><span class='ocrx_word' id='word_1_28' title='bbox 457 1400 475 1430; x_wconf 85' lang='lat'><strong>⁴‘</strong></span> <span class='ocrx_word' id='word_1_29' title='bbox 497 1415 600 1480; x_wconf 90' lang='lat' dir='ltr'><strong>usque</strong></span> <span class='ocrx_word' id='word_1_30' title='bbox 622 1391 841 1473; x_wconf 87' lang='lat' dir='ltr'><strong>Leiccstriam,</strong></span> <span class='ocrx_word' id='word_1_31' title='bbox 857 1395 1033 1476; x_wconf 87' lang='lat' dir='ltr'><strong>tenereque</strong></span> <span class='ocrx_word' id='word_1_32' title='bbox 1054 1389 1187 1468; x_wconf 79' lang='lat' dir='ltr'>ibidem,</span> <span class='ocrx_word' id='word_1_33' title='bbox 1201 1393 1361 1475; x_wconf 86' lang='lat' dir='ltr'><strong>tanquam</strong></span> <span class='ocrx_word' id='word_1_34' title='bbox 1377 1389 1413 1453; x_wconf 92' lang='lat' dir='ltr'><strong>in</strong></span> <span class='ocrx_word' id='word_1_35' title='bbox 1428 1389 1508 1455; x_wconf 85' lang='lat' dir='ltr'><strong>villa</strong></span> <span class='ocrx_word' id='word_1_36' title='bbox 1596 1399 1599 1408; x_wconf 88' lang='lat'>&#39;</span> 
     </span>
     <span class='ocr_line' id='line_1_6' title="bbox 458 1492 1507 1579; baseline -0.005 -17"><span class='ocrx_word' id='word_1_37' title='bbox 458 1495 703 1563; x_wconf 85' lang='lat' dir='ltr'><strong>“fortitudinis</strong></span> <span class='ocrx_word' id='word_1_38' title='bbox 736 1515 813 1573; x_wconf 85' lang='lat' dir='ltr'><strong>suae,</strong></span> <span class='ocrx_word' id='word_1_39' title='bbox 844 1493 995 1573; x_wconf 86' lang='lat' dir='ltr'><strong>maxime,</strong></span> <span class='ocrx_word' id='word_1_40' title='bbox 1025 1504 1159 1579; x_wconf 86' lang='lat' dir='ltr'><strong>propter</strong></span> <span class='ocrx_word' id='word_1_41' title='bbox 1180 1492 1411 1570; x_wconf 80' lang='lat' dir='ltr'><strong>assistentiam,</strong></span> <span class='ocrx_word' id='word_1_42' title='bbox 1444 1493 1507 1558; x_wconf 89' lang='lat' dir='ltr'><strong>cir·</strong></span> 
     </span>
     <span class='ocr_line' id='line_1_7' title="bbox 459 1595 1504 1684; baseline -0.008 -17"><span class='ocrx_word' id='word_1_43' title='bbox 459 1608 476 1636; x_wconf 91' lang='lat'><strong>“</strong></span> <span class='ocrx_word' id='word_1_44' title='bbox 498 1598 741 1676; x_wconf 84' lang='lat' dir='ltr'><strong>cumstantiam,</strong></span> <span class='ocrx_word' id='word_1_45' title='bbox 773 1602 807 1664; x_wconf 89' lang='lat' dir='ltr'><strong>et</strong></span> <span class='ocrx_word' id='word_1_46' title='bbox 838 1595 1166 1684; x_wconf 79' lang='lat' dir='ltr'><strong>approximationem,</strong></span> <span class='ocrx_word' id='word_1_47' title='bbox 1187 1595 1336 1661; x_wconf 89' lang='lat' dir='ltr'><strong>virorum</strong></span> <span class='ocrx_word' id='word_1_48' title='bbox 1358 1595 1504 1674; x_wconf 86' lang='lat' dir='ltr'><strong>fortium,</strong></span> 
     </span>
     <span class='ocr_line' id='line_1_8' title="bbox 456 1697 1507 1790; baseline -0.006 -22"><span class='ocrx_word' id='word_1_49' title='bbox 456 1707 474 1740; x_wconf 87' lang='lat'>“</span> <span class='ocrx_word' id='word_1_50' title='bbox 496 1703 579 1790; x_wconf 83' lang='lat' dir='ltr'><strong>Regi</strong></span> <span class='ocrx_word' id='word_1_51' title='bbox 603 1699 852 1778; x_wconf 86' lang='lat' dir='ltr'><strong>adhaerentium,</strong></span> <span class='ocrx_word' id='word_1_52' title='bbox 874 1699 1052 1784; x_wconf 86' lang='lat' dir='ltr'><strong>utrobique</strong></span> <span class='ocrx_word' id='word_1_53' title='bbox 1084 1697 1203 1762; x_wconf 85' lang='lat' dir='ltr'><strong>inille</strong></span> <span class='ocrx_word' id='word_1_54' title='bbox 1234 1698 1376 1784; x_wconf 86' lang='lat' dir='ltr'><strong>regione,</strong></span> <span class='ocrx_word' id='word_1_55' title='bbox 1403 1720 1507 1764; x_wconf 91' lang='lat' dir='ltr'><strong>unum</strong></span> 
     </span>
     <span class='ocr_line' id='line_1_9' title="bbox 456 1800 1508 1893; baseline -0.004 -22"><span class='ocrx_word' id='word_1_56' title='bbox 456 1815 474 1842; x_wconf 89' lang='lat'>“</span> <span class='ocrx_word' id='word_1_57' title='bbox 495 1805 618 1893; x_wconf 84' lang='lat' dir='ltr'><strong>grande</strong></span> <span class='ocrx_word' id='word_1_58' title='bbox 665 1803 904 1890; x_wconf 88' lang='lat' dir='ltr'><strong>¹sollemneque</strong></span> <span class='ocrx_word' id='word_1_59' title='bbox 940 1801 1123 1880; x_wconf 88' lang='lat' dir='ltr'><strong>concilium,</strong></span> <span class='ocrx_word' id='word_1_60' title='bbox 1159 1800 1204 1865; x_wconf 90' lang='lat' dir='ltr'><strong>ad</strong></span> <span class='ocrx_word' id='word_1_61' title='bbox 1240 1801 1329 1887; x_wconf 91' lang='lat' dir='ltr'><strong>quod</strong></span> <span class='ocrx_word' id='word_1_62' title='bbox 1365 1801 1395 1866; x_wconf 91' lang='lat' dir='ltr'><strong>si</strong></span> <span class='ocrx_word' id='word_1_63' title='bbox 1440 1823 1508 1880; x_wconf 91' lang='lat' dir='ltr'><strong>nos,</strong></span> 
     </span>
     <span class='ocr_line' id='line_1_10' title="bbox 457 1901 1505 1992; baseline -0.004 -18"><span class='ocrx_word' id='word_1_64' title='bbox 457 1917 476 1946; x_wconf 87' lang='lat'><strong>“</strong></span> <span class='ocrx_word' id='word_1_65' title='bbox 498 1909 653 1974; x_wconf 86' lang='lat' dir='ltr'><strong>timentes</strong></span> <span class='ocrx_word' id='word_1_66' title='bbox 675 1905 828 1992; x_wconf 84' lang='lat' dir='ltr'><strong>pericula,</strong></span> <span class='ocrx_word' id='word_1_67' title='bbox 856 1903 968 1970; x_wconf 87' lang='lat' dir='ltr'><strong>venire</strong></span> <span class='ocrx_word' id='word_1_68' title='bbox 990 1901 1263 1990; x_wconf 68' lang='lat' dir='ltr'><strong>”neglexerimus</strong></span> <span class='ocrx_word' id='word_1_69' title='bbox 1288 1904 1505 1970; x_wconf 82' lang='lat' dir='ltr'><strong>incideremus</strong></span> 
     </span>
     <span class='ocr_line' id='line_1_11' title="bbox 458 2006 1506 2097; baseline -0.004 -21"><span class='ocrx_word' id='word_1_70' title='bbox 458 2011 535 2076; x_wconf 89' lang='lat' dir='ltr'><strong>“in</strong></span> <span class='ocrx_word' id='word_1_71' title='bbox 572 2029 706 2097; x_wconf 88' lang='lat' dir='ltr'><strong>poenam</strong></span> <span class='ocrx_word' id='word_1_72' title='bbox 742 2006 832 2095; x_wconf 88' lang='lat' dir='ltr'><strong>legis,</strong></span> <span class='ocrx_word' id='word_1_73' title='bbox 871 2011 906 2072; x_wconf 86' lang='lat' dir='ltr'><strong>ct</strong></span> <span class='ocrx_word' id='word_1_74' title='bbox 936 2007 986 2072; x_wconf 90' lang='lat' dir='ltr'><strong>ita</strong></span> <span class='ocrx_word' id='word_1_75' title='bbox 1021 2006 1144 2072; x_wconf 89' lang='lat' dir='ltr'><strong>nostris</strong></span> <span class='ocrx_word' id='word_1_76' title='bbox 1173 2006 1297 2071; x_wconf 91' lang='lat' dir='ltr'><strong>nedum</strong></span> <span class='ocrx_word' id='word_1_77' title='bbox 1334 2006 1506 2094; x_wconf 84' lang='lat' dir='ltr'><strong>dignitatis</strong></span> 
     </span>
     <span class='ocr_line' id='line_1_12' title="bbox 458 2108 1530 2205; baseline -0.004 -27"><span class='ocrx_word' id='word_1_78' title='bbox 458 2122 475 2149; x_wconf 88' lang='lat'><strong>“</strong></span> <span class='ocrx_word' id='word_1_79' title='bbox 497 2110 696 2190; x_wconf 89' lang='lat' dir='ltr'><strong>nominibus,</strong></span> <span class='ocrx_word' id='word_1_80' title='bbox 726 2111 910 2197; x_wconf 84' lang='lat' dir='ltr'><strong>quinetiam</strong></span> <span class='ocrx_word' id='word_1_81' title='bbox 942 2109 1089 2188; x_wconf 88' lang='lat' dir='ltr'><strong>ulterius,</strong></span> <span class='ocrx_word' id='word_1_82' title='bbox 1114 2108 1210 2187; x_wconf 89' lang='lat' dir='ltr'><strong>villis,</strong></span> <span class='ocrx_word' id='word_1_83' title='bbox 1242 2109 1366 2189; x_wconf 78' lang='lat' dir='ltr'><strong>caetris,</strong></span> <span class='ocrx_word' id='word_1_84' title='bbox 1401 2110 1530 2205; x_wconf 36' lang='lat' dir='ltr'><strong>terris}</strong></span> 
     </span>
     <span class='ocr_line' id='line_1_13' title="bbox 458 2211 1507 2299; baseline -0.005 -17"><span class='ocrx_word' id='word_1_85' title='bbox 458 2223 477 2254; x_wconf 90' lang='lat'><strong><em>“</em></strong></span> <span class='ocrx_word' id='word_1_86' title='bbox 499 2222 534 2282; x_wconf 90' lang='lat' dir='ltr'><strong>et</strong></span> <span class='ocrx_word' id='word_1_87' title='bbox 570 2214 776 2292; x_wconf 80' lang='lat' dir='ltr'><strong>tenementis,</strong></span> <span class='ocrx_word' id='word_1_88' title='bbox 813 2211 1012 2299; x_wconf 86' lang='lat' dir='ltr'><strong>reliquisque</strong></span> <span class='ocrx_word' id='word_1_89' title='bbox 1048 2211 1144 2277; x_wconf 90' lang='lat' dir='ltr'><strong>bonis</strong></span> <span class='ocrx_word' id='word_1_90' title='bbox 1187 2212 1308 2277; x_wconf 86' lang='lat' dir='ltr'><strong>nostris</strong></span> <span class='ocrx_word' id='word_1_91' title='bbox 1346 2213 1507 2290; x_wconf 90' lang='lat' dir='ltr'><strong>omnibus,</strong></span> 
     </span>
     <span class='ocr_line' id='line_1_14' title="bbox 458 2311 1505 2408; baseline -0.002 -24"><span class='ocrx_word' id='word_1_92' title='bbox 458 2318 623 2408; x_wconf 83' lang='lat' dir='ltr'><strong>“privari</strong></span> <span class='ocrx_word' id='word_1_93' title='bbox 648 2336 707 2404; x_wconf 89' lang='lat' dir='ltr'><strong>pro</strong></span> <span class='ocrx_word' id='word_1_94' title='bbox 736 2321 893 2404; x_wconf 89' lang='lat' dir='ltr'><strong>perpetuo</strong></span> <span class='ocrx_word' id='word_1_95' title='bbox 916 2315 1108 2382; x_wconf 87' lang='lat' dir='ltr'><strong>deberemus</strong></span> <span class='ocrx_word' id='word_1_96' title='bbox 1122 2311 1192 2398; x_wconf 76' lang='lat'><strong>;--&#39;⁵</strong></span> <span class='ocrx_word' id='word_1_97' title='bbox 1200 2336 1398 2403; x_wconf 87' lang='lat' dir='ltr'><strong>exurgamus</strong></span> <span class='ocrx_word' id='word_1_98' title='bbox 1430 2337 1505 2382; x_wconf 87' lang='lat' dir='ltr'><strong>cum</strong></span> 
     </span>
     <span class='ocr_line' id='line_1_15' title="bbox 459 2417 1508 2507; baseline -0.003 -20"><span class='ocrx_word' id='word_1_99' title='bbox 459 2429 478 2460; x_wconf 87' lang='lat'><strong>“</strong></span> <span class='ocrx_word' id='word_1_100' title='bbox 500 2422 621 2488; x_wconf 87' lang='lat' dir='ltr'><strong>nostris</strong></span> <span class='ocrx_word' id='word_1_101' title='bbox 643 2420 767 2507; x_wconf 89' lang='lat' dir='ltr'><strong>pariter</strong></span> <span class='ocrx_word' id='word_1_102' title='bbox 788 2424 938 2497; x_wconf 87' lang='lat' dir='ltr'><strong>nostres,</strong></span> <span class='ocrx_word' id='word_1_103' title='bbox 954 2422 989 2484; x_wconf 87' lang='lat' dir='ltr'><strong>ct</strong></span> <span class='ocrx_word' id='word_1_104' title='bbox 1011 2423 1082 2484; x_wconf 92' lang='lat' dir='ltr'><strong>tam</strong></span> <span class='ocrx_word' id='word_1_105' title='bbox 1105 2417 1194 2484; x_wconf 90' lang='lat' dir='ltr'><strong>dioto</strong></span> <span class='ocrx_word' id='word_1_106' title='bbox 1215 2417 1411 2498; x_wconf 85' lang='lat' dir='ltr'><strong>adversario,</strong></span> <span class='ocrx_word' id='word_1_107' title='bbox 1433 2441 1508 2484; x_wconf 89' lang='lat' dir='ltr'><strong>cum</strong></span> 
     </span>
     <span class='ocr_line' id='line_1_16' title="bbox 460 2520 1508 2611; baseline -0.005 -20"><span class='ocrx_word' id='word_1_108' title='bbox 460 2526 590 2611; x_wconf 84' lang='lat' dir='ltr'><strong>“Rege</strong></span> <span class='ocrx_word' id='word_1_109' title='bbox 623 2521 842 2601; x_wconf 83' lang='lat' dir='ltr'><strong>descendenti,</strong></span> <span class='ocrx_word' id='word_1_110' title='bbox 866 2523 902 2586; x_wconf 95' lang='lat' dir='ltr'><strong>in</strong></span> <span class='ocrx_word' id='word_1_111' title='bbox 936 2521 1056 2588; x_wconf 91' lang='lat' dir='ltr'><strong>itinere</strong></span> <span class='ocrx_word' id='word_1_112' title='bbox 1093 2542 1207 2587; x_wconf 84' lang='lat' dir='ltr'><strong>versus</strong></span> <span class='ocrx_word' id='word_1_113' title='bbox 1240 2520 1355 2586; x_wconf 86' lang='lat' dir='ltr'><strong>villam</strong></span> <span class='ocrx_word' id='word_1_114' title='bbox 1384 2521 1508 2587; x_wconf 83' lang='lat' dir='ltr'><strong>dictam</strong></span> 
     </span>
     <span class='ocr_line' id='line_1_17' title="bbox 458 2623 1570 2702; baseline -0.003 -8"><span class='ocrx_word' id='word_1_115' title='bbox 458 2637 475 2664; x_wconf 78' lang='lat'><strong>‘⁸</strong></span> <span class='ocrx_word' id='word_1_116' title='bbox 497 2627 724 2694; x_wconf 73' lang='lat' dir='ltr'><strong>*occurramus</strong></span> <span class='ocrx_word' id='word_1_117' title='bbox 746 2625 886 2702; x_wconf 86' lang='lat' dir='ltr'><strong>obviam,</strong></span> <span class='ocrx_word' id='word_1_118' title='bbox 910 2629 945 2690; x_wconf 91' lang='lat' dir='ltr'><strong>et</strong></span> <span class='ocrx_word' id='word_1_119' title='bbox 966 2625 1021 2691; x_wconf 90' lang='lat' dir='ltr'><strong>vel</strong></span> <span class='ocrx_word' id='word_1_120' title='bbox 1052 2624 1222 2690; x_wconf 83' lang='lat' dir='ltr'><strong>eradamus</strong></span> <span class='ocrx_word' id='word_1_121' title='bbox 1249 2644 1325 2689; x_wconf 89' lang='lat' dir='ltr'><strong>eum</strong></span> <span class='ocrx_word' id='word_1_122' title='bbox 1348 2623 1390 2689; x_wconf 92' lang='lat' dir='ltr'><strong>de</strong></span> <span class='ocrx_word' id='word_1_123' title='bbox 1419 2629 1508 2691; x_wconf 86' lang='lat' dir='ltr'><strong>terra</strong></span> <span class='ocrx_word' id='word_1_124' title='bbox 1566 2627 1570 2636; x_wconf 90' lang='lat'>&#39;</span> 
     </span>
     <span class='ocr_line' id='line_1_18' title="bbox 459 2725 1509 2814; baseline -0.003 -18"><span class='ocrx_word' id='word_1_125' title='bbox 459 2741 477 2808; x_wconf 60' lang='grc' dir='ltr'><strong>ξ’</strong></span> <span class='ocrx_word' id='word_1_126' title='bbox 498 2729 693 2807; x_wconf 84' lang='lat' dir='ltr'><strong>viventium,</strong></span> <span class='ocrx_word' id='word_1_127' title='bbox 726 2728 782 2793; x_wconf 88' lang='lat' dir='ltr'><strong>vel</strong></span> <span class='ocrx_word' id='word_1_128' title='bbox 812 2749 964 2814; x_wconf 87' lang='lat' dir='ltr'><strong>cogamus</strong></span> <span class='ocrx_word' id='word_1_129' title='bbox 995 2750 1016 2793; x_wconf 85' lang='lat' dir='ltr'><strong>a</strong></span> <span class='ocrx_word' id='word_1_130' title='bbox 1045 2725 1135 2814; x_wconf 86' lang='lat' dir='ltr'><strong>Rege</strong></span> <span class='ocrx_word' id='word_1_131' title='bbox 1168 2726 1324 2803; x_wconf 86' lang='lat' dir='ltr'><strong>recedere,</strong></span> <span class='ocrx_word' id='word_1_132' title='bbox 1347 2727 1395 2792; x_wconf 86' lang='lat' dir='ltr'><strong>ita</strong></span> <span class='ocrx_word' id='word_1_133' title='bbox 1421 2725 1509 2814; x_wconf 89' lang='lat' dir='ltr'><strong>quod</strong></span> 
     </span>
     <span class='ocr_line' id='line_1_19' title="bbox 459 2825 1507 2919; baseline -0.004 -20"><span class='ocrx_word' id='word_1_134' title='bbox 459 2837 478 2870; x_wconf 75' lang='lat'><strong>‘¹</strong></span> <span class='ocrx_word' id='word_1_135' title='bbox 498 2853 669 2919; x_wconf 83' lang='lat' dir='ltr'><strong>nunquam</strong></span> <span class='ocrx_word' id='word_1_136' title='bbox 691 2829 752 2895; x_wconf 64' lang='lat' dir='ltr'><strong>‘in</strong></span> <span class='ocrx_word' id='word_1_137' title='bbox 774 2835 941 2917; x_wconf 88' lang='lat' dir='ltr'><strong>posterum</strong></span> <span class='ocrx_word' id='word_1_138' title='bbox 964 2829 1085 2895; x_wconf 90' lang='lat' dir='ltr'><strong>habeat</strong></span> <span class='ocrx_word' id='word_1_139' title='bbox 1107 2825 1250 2893; x_wconf 86' lang='lat' dir='ltr'><strong>officium</strong></span> <span class='ocrx_word' id='word_1_140' title='bbox 1264 2825 1507 2916; x_wconf 80' lang='lat' dir='ltr'><strong>⁰Achitophelis</strong></span> 
     </span>
     <span class='ocr_line' id='line_1_20' title="bbox 459 2930 1507 3020; baseline -0.004 -17"><span class='ocrx_word' id='word_1_141' title='bbox 459 2942 478 2972; x_wconf 91' lang='lat'><strong>“</strong></span> <span class='ocrx_word' id='word_1_142' title='bbox 500 2957 647 3003; x_wconf 88' lang='lat' dir='ltr'><strong>exercere</strong></span> <span class='ocrx_word' id='word_1_143' title='bbox 670 2935 754 3000; x_wconf 86' lang='lat' dir='ltr'><strong>circa</strong></span> <span class='ocrx_word' id='word_1_144' title='bbox 769 2955 852 3000; x_wconf 89' lang='lat' dir='ltr'><strong>eum.</strong></span> <span class='ocrx_word' id='word_1_145' title='bbox 897 2933 963 2998; x_wconf 91' lang='lat' dir='ltr'><strong>Res</strong></span> <span class='ocrx_word' id='word_1_146' title='bbox 986 2935 1036 2998; x_wconf 86' lang='lat' dir='ltr'><strong>est</strong></span> <span class='ocrx_word' id='word_1_147' title='bbox 1051 2930 1229 3009; x_wconf 71' lang='lat' dir='ltr'><strong>vermsima,</strong></span> <span class='ocrx_word' id='word_1_148' title='bbox 1245 2930 1423 2997; x_wconf 91' lang='lat' dir='ltr'><strong>dummodo</strong></span> <span class='ocrx_word' id='word_1_149' title='bbox 1437 2933 1507 3020; x_wconf 89' lang='lat' dir='ltr'><strong>ipse</strong></span> 
     </span>
     <span class='ocr_line' id='line_1_21' title="bbox 459 3035 1507 3127; baseline -0.005 -22"><span class='ocrx_word' id='word_1_150' title='bbox 459 3048 477 3076; x_wconf 90' lang='lat'>“</span> <span class='ocrx_word' id='word_1_151' title='bbox 500 3038 599 3127; x_wconf 88' lang='lat' dir='ltr'><strong>Regis</strong></span> <span class='ocrx_word' id='word_1_152' title='bbox 622 3037 827 3104; x_wconf 88' lang='lat' dir='ltr'><strong>conciliarius</strong></span> <span class='ocrx_word' id='word_1_153' title='bbox 848 3035 955 3114; x_wconf 86' lang='lat' dir='ltr'><strong>fuerit,</strong></span> <span class='ocrx_word' id='word_1_154' title='bbox 972 3035 1165 3121; x_wconf 87' lang='lat' dir='ltr'><strong>steteritque</strong></span> <span class='ocrx_word' id='word_1_155' title='bbox 1187 3035 1272 3099; x_wconf 83' lang='lat' dir='ltr'><strong>circa</strong></span> <span class='ocrx_word' id='word_1_156' title='bbox 1293 3035 1402 3121; x_wconf 90' lang='lat' dir='ltr'><strong>ipsum</strong></span> <span class='ocrx_word' id='word_1_157' title='bbox 1416 3037 1507 3123; x_wconf 89' lang='lat' dir='ltr'><strong>prin·</strong></span> 
     </span>
     <span class='ocr_line' id='line_1_22' title="bbox 459 3137 1507 3228; baseline -0.003 -21"><span class='ocrx_word' id='word_1_158' title='bbox 459 3149 478 3178; x_wconf 87' lang='lat'><strong>“</strong></span> <span class='ocrx_word' id='word_1_159' title='bbox 499 3141 613 3228; x_wconf 72' lang='lat' dir='ltr'><strong>cipalis</strong></span> <span class='ocrx_word' id='word_1_160' title='bbox 635 3149 734 3219; x_wconf 86' lang='lat' dir='ltr'><strong>actor,</strong></span> <span class='ocrx_word' id='word_1_161' title='bbox 758 3139 1032 3224; x_wconf 84' lang='lat' dir='ltr'><strong>quemadmodum</strong></span> <span class='ocrx_word' id='word_1_162' title='bbox 1054 3137 1181 3202; x_wconf 89' lang='lat' dir='ltr'><strong>diutius</strong></span> <span class='ocrx_word' id='word_1_163' title='bbox 1196 3137 1295 3202; x_wconf 90' lang='lat' dir='ltr'><strong>modo</strong></span> <span class='ocrx_word' id='word_1_164' title='bbox 1312 3137 1417 3218; x_wconf 88' lang='lat' dir='ltr'><strong>stetit,</strong></span> <span class='ocrx_word' id='word_1_165' title='bbox 1440 3143 1507 3205; x_wconf 85' lang='lat' dir='ltr'><strong>sta-</strong></span> 
     </span>
     <span class='ocr_line' id='line_1_23' title="bbox 461 3240 1507 3328; baseline -0.002 -19"><span class='ocrx_word' id='word_1_166' title='bbox 461 3249 478 3281; x_wconf 92' lang='lat'><strong><em>“</em></strong></span> <span class='ocrx_word' id='word_1_167' title='bbox 501 3244 609 3311; x_wconf 88' lang='lat' dir='ltr'><strong>bimus</strong></span> <span class='ocrx_word' id='word_1_168' title='bbox 640 3264 700 3308; x_wconf 92' lang='lat' dir='ltr'><strong>nos</strong></span> <span class='ocrx_word' id='word_1_169' title='bbox 724 3241 785 3308; x_wconf 89' lang='lat' dir='ltr'><strong>sub</strong></span> <span class='ocrx_word' id='word_1_170' title='bbox 811 3241 906 3328; x_wconf 85' lang='lat' dir='ltr'><strong>jactu</strong></span> <span class='ocrx_word' id='word_1_171' title='bbox 936 3241 1028 3322; x_wconf 67' lang='lat' dir='ltr'><strong>alcea</strong></span> <span class='ocrx_word' id='word_1_172' title='bbox 1053 3240 1233 3326; x_wconf 74' lang='lat' dir='ltr'><strong>atomisque</strong></span> <span class='ocrx_word' id='word_1_173' title='bbox 1262 3241 1374 3326; x_wconf 91' lang='lat' dir='ltr'><strong>potius</strong></span> <span class='ocrx_word' id='word_1_174' title='bbox 1408 3264 1507 3327; x_wconf 91' lang='lat' dir='ltr'><strong>quam</strong></span> 
     </span>
     <span class='ocr_line' id='line_1_24' title="bbox 460 3335 1506 3426; baseline -0.002 -16"><span class='ocrx_word' id='word_1_175' title='bbox 460 3355 479 3383; x_wconf 91' lang='lat'>“</span> <span class='ocrx_word' id='word_1_176' title='bbox 500 3345 628 3426; x_wconf 72' lang='lat' dir='ltr'><strong>aulatis,</strong></span> <span class='ocrx_word' id='word_1_177' title='bbox 651 3343 722 3409; x_wconf 87' lang='lat' dir='ltr'><strong>sive</strong></span> <span class='ocrx_word' id='word_1_178' title='bbox 750 3343 911 3422; x_wconf 86' lang='lat' dir='ltr'><strong>animalis,</strong></span> <span class='ocrx_word' id='word_1_179' title='bbox 934 3343 998 3408; x_wconf 90' lang='lat' dir='ltr'><strong>erit</strong></span> <span class='ocrx_word' id='word_1_180' title='bbox 1019 3341 1115 3409; x_wconf 91' lang='lat' dir='ltr'><strong>nobis</strong></span> <span class='ocrx_word' id='word_1_181' title='bbox 1138 3341 1210 3407; x_wconf 85' lang='lat' dir='ltr'><strong>vita</strong></span> <span class='ocrx_word' id='word_1_182' title='bbox 1231 3335 1354 3420; x_wconf 84' lang='lat' dir='ltr'><strong>nostra,</strong></span> <span class='ocrx_word' id='word_1_183' title='bbox 1382 3347 1417 3409; x_wconf 92' lang='lat' dir='ltr'><strong>et</strong></span> <span class='ocrx_word' id='word_1_184' title='bbox 1436 3365 1506 3410; x_wconf 90' lang='lat' dir='ltr'><strong>om-</strong></span> 
     </span>
     <span class='ocr_line' id='line_1_25' title="bbox 461 3443 1507 3532; baseline 0 -20"><span class='ocrx_word' id='word_1_185' title='bbox 461 3455 479 3484; x_wconf 88' lang='lat'><strong>“</strong></span> <span class='ocrx_word' id='word_1_186' title='bbox 500 3447 580 3512; x_wconf 91' lang='lat' dir='ltr'><strong>nino</strong></span> <span class='ocrx_word' id='word_1_187' title='bbox 595 3447 718 3532; x_wconf 81' lang='lat' dir='ltr'><strong>absque</strong></span> <span class='ocrx_word' id='word_1_188' title='bbox 741 3445 923 3512; x_wconf 84' lang='lat' dir='ltr'><strong>securitate.</strong></span> <span class='ocrx_word' id='word_1_189' title='bbox 969 3445 1055 3512; x_wconf 82' lang='lat' dir='ltr'><strong>Oum</strong></span> <span class='ocrx_word' id='word_1_190' title='bbox 1071 3445 1185 3532; x_wconf 86' lang='lat' dir='ltr'><strong>igitur,</strong></span> <span class='ocrx_word' id='word_1_191' title='bbox 1196 3443 1297 3530; x_wconf 86' lang='lat' dir='ltr'><strong>juxta</strong></span> <span class='ocrx_word' id='word_1_192' title='bbox 1310 3445 1400 3511; x_wconf 87' lang='lat' dir='ltr'><strong>viros</strong></span> <span class='ocrx_word' id='word_1_193' title='bbox 1415 3451 1507 3512; x_wconf 87' lang='lat' dir='ltr'><strong>vete-</strong></span> 
     </span>
     <span class='ocr_line' id='line_1_26' title="bbox 460 3547 1507 3637; baseline -0.001 -22"><span class='ocrx_word' id='word_1_194' title='bbox 460 3556 479 3588; x_wconf 90' lang='lat'><strong>“</strong></span> <span class='ocrx_word' id='word_1_195' title='bbox 501 3553 598 3629; x_wconf 89' lang='lat' dir='ltr'><strong>ratos,</strong></span> <span class='ocrx_word' id='word_1_196' title='bbox 614 3548 770 3616; x_wconf 77' lang='lat' dir='ltr'><strong>securitas</strong></span> <span class='ocrx_word' id='word_1_197' title='bbox 791 3549 936 3614; x_wconf 84' lang='lat' dir='ltr'><strong>maxima</strong></span> <span class='ocrx_word' id='word_1_198' title='bbox 958 3549 1002 3614; x_wconf 93' lang='lat' dir='ltr'><strong>sit</strong></span> <span class='ocrx_word' id='word_1_199' title='bbox 1017 3569 1093 3636; x_wconf 90' lang='lat' dir='ltr'><strong>pars</strong></span> <span class='ocrx_word' id='word_1_200' title='bbox 1107 3547 1221 3633; x_wconf 86' lang='lat' dir='ltr'><strong>gaudii</strong></span> <span class='ocrx_word' id='word_1_201' title='bbox 1237 3547 1431 3614; x_wconf 85' lang='lat' dir='ltr'><strong>Sanctorum</strong></span> <span class='ocrx_word' id='word_1_202' title='bbox 1450 3549 1507 3637; x_wconf 93' lang='lat' dir='ltr'><strong>qui</strong></span> 
     </span>
     <span class='ocr_line' id='line_1_27' title="bbox 460 3649 1507 3739; baseline -0.001 -21"><span class='ocrx_word' id='word_1_203' title='bbox 460 3660 478 3688; x_wconf 85' lang='lat'><strong>“</strong></span> <span class='ocrx_word' id='word_1_204' title='bbox 499 3657 579 3719; x_wconf 88' lang='lat' dir='ltr'><strong>sunt</strong></span> <span class='ocrx_word' id='word_1_205' title='bbox 600 3652 637 3717; x_wconf 93' lang='lat' dir='ltr'><strong>in</strong></span> <span class='ocrx_word' id='word_1_206' title='bbox 651 3651 750 3732; x_wconf 86' lang='lat' dir='ltr'><strong>coelis,</strong></span> <span class='ocrx_word' id='word_1_207' title='bbox 765 3673 861 3716; x_wconf 91' lang='lat' dir='ltr'><strong>nemo</strong></span> <span class='ocrx_word' id='word_1_208' title='bbox 875 3650 971 3717; x_wconf 90' lang='lat' dir='ltr'><strong>nobis</strong></span> <span class='ocrx_word' id='word_1_209' title='bbox 985 3651 1150 3737; x_wconf 88' lang='lat' dir='ltr'><strong>imputare</strong></span> <span class='ocrx_word' id='word_1_210' title='bbox 1164 3650 1288 3735; x_wconf 90' lang='lat' dir='ltr'><strong>poterit</strong></span> <span class='ocrx_word' id='word_1_211' title='bbox 1309 3649 1353 3716; x_wconf 89' lang='lat' dir='ltr'><strong>ad</strong></span> <span class='ocrx_word' id='word_1_212' title='bbox 1367 3651 1507 3739; x_wconf 88' lang='lat' dir='ltr'><strong>culpam,</strong></span> 
     </span>
     <span class='ocr_line' id='line_1_28' title="bbox 460 3753 1507 3841; baseline 0.001 -21"><span class='ocrx_word' id='word_1_213' title='bbox 460 3765 477 3792; x_wconf 86' lang='lat'><strong>“</strong></span> <span class='ocrx_word' id='word_1_214' title='bbox 499 3755 577 3822; x_wconf 89' lang='lat' dir='ltr'><strong>licet</strong></span> <span class='ocrx_word' id='word_1_215' title='bbox 598 3755 633 3821; x_wconf 93' lang='lat' dir='ltr'><strong>id</strong></span> <span class='ocrx_word' id='word_1_216' title='bbox 657 3755 698 3820; x_wconf 91' lang='lat' dir='ltr'><strong>de</strong></span> <span class='ocrx_word' id='word_1_217' title='bbox 720 3776 785 3841; x_wconf 93' lang='lat' dir='ltr'><strong>quo</strong></span> <span class='ocrx_word' id='word_1_218' title='bbox 808 3755 924 3821; x_wconf 81' lang='lat' dir='ltr'><strong>Sancti</strong></span> <span class='ocrx_word' id='word_1_219' title='bbox 946 3755 983 3820; x_wconf 92' lang='lat' dir='ltr'><strong>in</strong></span> <span class='ocrx_word' id='word_1_220' title='bbox 1009 3753 1099 3820; x_wconf 86' lang='lat' dir='ltr'><strong>ecelis</strong></span> <span class='ocrx_word' id='word_1_221' title='bbox 1114 3753 1331 3840; x_wconf 88' lang='lat' dir='ltr'><strong>congaudent,</strong></span> <span class='ocrx_word' id='word_1_222' title='bbox 1346 3754 1427 3821; x_wconf 81' lang='lat' dir='ltr'><strong>vitae</strong></span> <span class='ocrx_word' id='word_1_223' title='bbox 1449 3755 1507 3821; x_wconf 75' lang='lat' dir='ltr'><strong>ha</strong></span> 
     </span>
     <span class='ocr_line' id='line_1_29' title="bbox 462 3857 1508 3946; baseline -0.002 -20"><span class='ocrx_word' id='word_1_224' title='bbox 462 3866 480 3896; x_wconf 89' lang='lat'>“</span> <span class='ocrx_word' id='word_1_225' title='bbox 502 3860 579 3926; x_wconf 88' lang='lat' dir='ltr'><strong>bere</strong></span> <span class='ocrx_word' id='word_1_226' title='bbox 600 3858 823 3946; x_wconf 87' lang='lat' dir='ltr'><strong>optaverimus</strong></span> <span class='ocrx_word' id='word_1_227' title='bbox 845 3857 1062 3924; x_wconf 87' lang='lat' dir='ltr'><strong>securitatem.</strong></span> <span class='ocrx_word' id='word_1_228' title='bbox 1108 3857 1315 3944; x_wconf 83' lang='lat' dir='ltr'><strong>Exurgamus</strong></span> <span class='ocrx_word' id='word_1_229' title='bbox 1341 3857 1452 3946; x_wconf 86' lang='lat' dir='ltr'><strong>igitur,</strong></span> <span class='ocrx_word' id='word_1_230' title='bbox 1468 3864 1508 3925; x_wconf 90' lang='lat' dir='ltr'><strong>ut</strong></span> 
     </span>
     <span class='ocr_line' id='line_1_30' title="bbox 460 3959 1507 4050; baseline -0.002 -22"><span class='ocrx_word' id='word_1_231' title='bbox 460 3968 480 3998; x_wconf 91' lang='lat'><strong><em>“</em></strong></span> <span class='ocrx_word' id='word_1_232' title='bbox 501 3961 603 4050; x_wconf 89' lang='lat' dir='ltr'><strong>prius,</strong></span> <span class='ocrx_word' id='word_1_233' title='bbox 619 3981 825 4048; x_wconf 83' lang='lat' dir='ltr'><strong>exurgamus,</strong></span> <span class='ocrx_word' id='word_1_234' title='bbox 840 3965 876 4026; x_wconf 91' lang='lat' dir='ltr'><strong>et</strong></span> <span class='ocrx_word' id='word_1_235' title='bbox 897 3981 982 4044; x_wconf 87' lang='lat' dir='ltr'><strong>eum,</strong></span> <span class='ocrx_word' id='word_1_236' title='bbox 997 3963 1131 4048; x_wconf 87' lang='lat' dir='ltr'><strong>propter</strong></span> <span class='ocrx_word' id='word_1_237' title='bbox 1153 3979 1265 4025; x_wconf 85' lang='lat' dir='ltr'><strong>causas</strong></span> <span class='ocrx_word' id='word_1_238' title='bbox 1282 3959 1378 4026; x_wconf 91' lang='lat' dir='ltr'><strong>modo</strong></span> <span class='ocrx_word' id='word_1_239' title='bbox 1394 3960 1507 4040; x_wconf 83' lang='lat' dir='ltr'><strong>dictas,</strong></span> 
     </span>
     <span class='ocr_line' id='line_1_31' title="bbox 460 4061 1506 4150; baseline 0 -20"><span class='ocrx_word' id='word_1_240' title='bbox 460 4065 537 4130; x_wconf 87' lang='lat' dir='ltr'><strong>“in</strong></span> <span class='ocrx_word' id='word_1_241' title='bbox 559 4063 688 4145; x_wconf 86' lang='lat' dir='ltr'><strong>itinere,</strong></span> <span class='ocrx_word' id='word_1_242' title='bbox 710 4069 888 4150; x_wconf 86' lang='lat' dir='ltr'><strong>antequam</strong></span> <span class='ocrx_word' id='word_1_243' title='bbox 911 4063 954 4128; x_wconf 87' lang='lat' dir='ltr'><strong>ad</strong></span> <span class='ocrx_word' id='word_1_244' title='bbox 976 4085 1070 4130; x_wconf 88' lang='lat' dir='ltr'><strong>suam</strong></span> <span class='ocrx_word' id='word_1_245' title='bbox 1091 4062 1264 4150; x_wconf 86' lang='lat' dir='ltr'><strong>perveniat</strong></span> <span class='ocrx_word' id='word_1_246' title='bbox 1277 4061 1506 4130; x_wconf 83' lang='lat' dir='ltr'><strong>fortitudinem</strong></span> 
     </span>
     <span class='ocr_line' id='line_1_32' title="bbox 460 4163 977 4253; baseline -0.008 -19"><span class='ocrx_word' id='word_1_247' title='bbox 460 4172 479 4204; x_wconf 89' lang='lat'><strong><em>“</em></strong></span> <span class='ocrx_word' id='word_1_248' title='bbox 499 4167 688 4249; x_wconf 85' lang='lat' dir='ltr'><strong>maximam,</strong></span> <span class='ocrx_word' id='word_1_249' title='bbox 709 4163 977 4253; x_wconf 83' lang='lat' dir='ltr'><strong>praeveniamus.”</strong></span> 
     </span>
    </p>

    <p class='ocr_par' dir='ltr' id='par_1_4' title="bbox 293 4266 1506 4349">
     <span class='ocr_line' id='line_1_33' title="bbox 293 4266 1506 4349; baseline 0.003 -19"><span class='ocrx_word' id='word_1_250' title='bbox 293 4275 435 4343; x_wconf 61' lang='lat' dir='ltr'><strong>Thalete</strong></span> <span class='ocrx_word' id='word_1_251' title='bbox 504 4269 633 4336; x_wconf 79' lang='lat' dir='ltr'><strong>Placuit</strong></span> <span class='ocrx_word' id='word_1_252' title='bbox 670 4290 776 4335; x_wconf 90' lang='lat' dir='ltr'><strong>sermo</strong></span> <span class='ocrx_word' id='word_1_253' title='bbox 813 4269 876 4334; x_wconf 89' lang='lat' dir='ltr'><strong>iste</strong></span> <span class='ocrx_word' id='word_1_254' title='bbox 912 4269 949 4333; x_wconf 95' lang='lat' dir='ltr'><strong>in</strong></span> <span class='ocrx_word' id='word_1_255' title='bbox 982 4267 1116 4334; x_wconf 88' lang='lat' dir='ltr'><strong>auribus</strong></span> <span class='ocrx_word' id='word_1_256' title='bbox 1153 4266 1340 4349; x_wconf 79' lang='lat' dir='ltr'><strong>Comitnm3</strong></span> <span class='ocrx_word' id='word_1_257' title='bbox 1372 4288 1506 4334; x_wconf 73' lang='lat' dir='ltr'><strong>consurr-</strong></span> 
     </span>
    </p>
   </div>
   <div class='ocr_carea' id='block_1_4' title="bbox 290 4343 1505 4477">
    <p class='ocr_par' dir='ltr' id='par_1_5' title="bbox 290 4343 1505 4477">
     <span class='ocr_line' id='line_1_34' title="bbox 290 4343 1505 4477; baseline -0.002 -39"><span class='ocrx_word' id='word_1_258' title='bbox 290 4343 446 4477; x_wconf 45' lang='lat' dir='ltr'><strong>imp}</strong></span> <span class='ocrx_word' id='word_1_259' title='bbox 457 4379 637 4462; x_wconf 83' lang='lat' dir='ltr'><strong>gentesque</strong></span> <span class='ocrx_word' id='word_1_260' title='bbox 667 4392 776 4437; x_wconf 88' lang='lat' dir='ltr'><strong>secum</strong></span> <span class='ocrx_word' id='word_1_261' title='bbox 807 4377 970 4438; x_wconf 83' lang='lat' dir='ltr'><strong>venenmt</strong></span> <span class='ocrx_word' id='word_1_262' title='bbox 1002 4371 1136 4437; x_wconf 86' lang='lat' dir='ltr'><strong>obviam</strong></span> <span class='ocrx_word' id='word_1_263' title='bbox 1168 4370 1206 4435; x_wconf 90' lang='lat' dir='ltr'><strong>in</strong></span> <span class='ocrx_word' id='word_1_264' title='bbox 1228 4391 1398 4436; x_wconf 86' lang='lat' dir='ltr'><strong>occursum</strong></span> <span class='ocrx_word' id='word_1_265' title='bbox 1421 4371 1505 4459; x_wconf 81' lang='lat' dir='ltr'><strong>Regi</strong></span> 
     </span>
    </p>
   </div>
   <div class='ocr_carea' id='block_1_5' title="bbox 1437 4531 1489 4540">
    <p class='ocr_par' dir='ltr' id='par_1_6' title="bbox 1437 4531 1489 4540">
     <span class='ocr_line' id='line_1_35' title="bbox 1437 4531 1489 4540; baseline -0.019 0"><span class='ocrx_word' id='word_1_266' title='bbox 1437 4531 1489 4540; x_wconf 63' lang='lat'><strong>⁴-</strong></span> 
     </span>
    </p>
   </div>
   <div class='ocr_carea' id='block_1_6' title="bbox 456 4601 1314 4912">
    <p class='ocr_par' dir='ltr' id='par_1_7' title="bbox 492 4601 1305 4671">
     <span class='ocr_line' id='line_1_36' title="bbox 492 4601 1305 4671; baseline -0.001 -17"><span class='ocrx_word' id='word_1_267' title='bbox 492 4605 501 4638; x_wconf 85' lang='lat'>¹</span> <span class='ocrx_word' id='word_1_268' title='bbox 511 4601 682 4671; x_wconf 66' lang='grc' dir='ltr'><strong>ωὶὶαιμηικ</strong></span> <span class='ocrx_word' id='word_1_269' title='bbox 693 4603 719 4654; x_wconf 90' lang='lat' dir='ltr'><strong>in</strong></span> <span class='ocrx_word' id='word_1_270' title='bbox 730 4602 788 4656; x_wconf 99' lang='grc' dir='ltr'><strong>ΜΒ.</strong></span> <span class='ocrx_word' id='word_1_271' title='bbox 1036 4603 1047 4634; x_wconf 85' lang='lat'>⁴</span> <span class='ocrx_word' id='word_1_272' title='bbox 1058 4619 1199 4653; x_wconf 66' lang='lat' dir='ltr'><strong>scetem</strong></span> <span class='ocrx_word' id='word_1_273' title='bbox 1209 4603 1237 4652; x_wconf 91' lang='lat' dir='ltr'><strong>in</strong></span> <span class='ocrx_word' id='word_1_274' title='bbox 1248 4603 1305 4656; x_wconf 84' lang='lat' dir='ltr'><strong>MS.</strong></span> 
     </span>
    </p>

    <p class='ocr_par' dir='ltr' id='par_1_8' title="bbox 489 4681 1314 4749">
     <span class='ocr_line' id='line_1_37' title="bbox 489 4681 1314 4749; baseline 0.001 -16"><span class='ocrx_word' id='word_1_275' title='bbox 489 4683 500 4716; x_wconf 86' lang='lat'><strong>¹</strong></span> <span class='ocrx_word' id='word_1_276' title='bbox 511 4682 697 4749; x_wconf 66' lang='lat' dir='ltr'><strong>nwphoeoeimas</strong></span> <span class='ocrx_word' id='word_1_277' title='bbox 707 4682 735 4733; x_wconf 89' lang='lat' dir='ltr'><strong>in</strong></span> <span class='ocrx_word' id='word_1_278' title='bbox 745 4682 804 4734; x_wconf 89' lang='grc' dir='ltr'><strong>ΜΒ.</strong></span> <span class='ocrx_word' id='word_1_279' title='bbox 1037 4683 1209 4748; x_wconf 66' lang='lat' dir='ltr'><strong>‘inspectorum</strong></span> <span class='ocrx_word' id='word_1_280' title='bbox 1220 4681 1247 4732; x_wconf 89' lang='lat' dir='ltr'><strong>in</strong></span> <span class='ocrx_word' id='word_1_281' title='bbox 1259 4683 1314 4734; x_wconf 87' lang='grc' dir='ltr'><strong>ΜΒ.</strong></span> 
     </span>
    </p>

    <p class='ocr_par' dir='ltr' id='par_1_9' title="bbox 456 4761 1292 4912">
     <span class='ocr_line' id='line_1_38' title="bbox 489 4761 1292 4815; baseline -0.001 -3"><span class='ocrx_word' id='word_1_282' title='bbox 489 4761 609 4813; x_wconf 77' lang='lat' dir='ltr'><strong>⁵Sacdet</strong></span> <span class='ocrx_word' id='word_1_283' title='bbox 630 4779 721 4814; x_wconf 70' lang='lat' dir='ltr'><strong>mcccc</strong></span> <span class='ocrx_word' id='word_1_284' title='bbox 746 4761 957 4815; x_wconf 71' lang='lat' dir='ltr'><strong>teum-Mn-</strong></span> <span class='ocrx_word' id='word_1_285' title='bbox 1037 4761 1188 4814; x_wconf 73' lang='lat' dir='ltr'><strong>⁶aSaaue1</strong></span> <span class='ocrx_word' id='word_1_286' title='bbox 1197 4777 1239 4814; x_wconf 79' lang='lat' dir='ltr'><strong>xv.</strong></span> <span class='ocrx_word' id='word_1_287' title='bbox 1252 4768 1292 4812; x_wconf 81' lang='lat'><strong>³1.</strong></span> 
     </span>
     <span class='ocr_line' id='line_1_39' title="bbox 456 4841 709 4912; baseline -0.004 -17"><span class='ocrx_word' id='word_1_288' title='bbox 456 4842 526 4912; x_wconf 75' lang='lat' dir='ltr'><strong>ginnl</strong></span> <span class='ocrx_word' id='word_1_289' title='bbox 535 4843 603 4895; x_wconf 77' lang='lat' dir='ltr'><strong>Note</strong></span> <span class='ocrx_word' id='word_1_290' title='bbox 614 4842 642 4894; x_wconf 88' lang='lat' dir='ltr'><strong>in</strong></span> <span class='ocrx_word' id='word_1_291' title='bbox 652 4841 709 4896; x_wconf 87' lang='grc' dir='ltr'><strong>ΜΒ.</strong></span> 
     </span>
    </p>
   </div>
   <div class='ocr_carea' id='block_1_7' title="bbox 0 0 1796 5838">
    <p class='ocr_par' dir='ltr' id='par_1_10' title="bbox 0 0 1796 5838">
     <span class='ocr_line' id='line_1_40' title="bbox 0 0 1796 5838; baseline 0 0"><span class='ocrx_word' id='word_1_292' title='bbox 0 0 1796 5838; x_wconf 95' lang='lat' dir='ltr'><strong> </strong></span> 
     </span>
    </p>
   </div>
  </div>
 </body>
</html>
