3588 5838
815 877 1012 930 REGISTRUM
1034 877 1193 928 ABBATIAE

623 1197 626 1204 .
673 1135 819 1204 11111111
842 1135 984 1204 abbate
1006 1135 1181 1204 Joaaaaa
1205 1136 1332 1204 Octcoi.

309 1323 462 1376 alectoros
523 1294 564 1336 ⁸“
583 1295 758 1362 Universis
774 1295 905 1362 Sanctae
928 1296 1045 1361 Matris
1067 1295 1220 1363 Ecclesiae
1242 1295 1327 1377 filiis,
1342 1297 1518 1382 praesentes

309 1392 380 1444 John
479 1406 496 1434 “
518 1399 657 1476 litteras,
672 1399 743 1464 sive
758 1402 955 1486 praesentem
970 1419 1161 1486 processum,
1178 1399 1382 1486 inspecturis,
1399 1394 1524 1462 Willel-

309 1459 455 1510 Whetham-
677 1500 684 1516 ,
899 1499 905 1514 ,
1078 1501 1085 1516 ,

309 1527 417 1576 caeam
478 1509 495 1537 “
517 1523 598 1581 mus,
630 1500 733 1579 Prior,
757 1506 791 1566 et
826 1499 1028 1586 Capitulum,
1060 1523 1129 1566 save
1162 1500 1361 1580 Conventus,
1394 1499 1524 1564 Mones·

263 1599 266 1608 ’
310 1592 455 1710 ‘slffiffifl
477 1609 496 1640 “
518 1603 595 1671 terii
627 1603 742 1669 Sancti
772 1602 907 1684 Albani,
933 1603 1068 1668 Ordinis
1103 1603 1218 1670 Sancti
1241 1602 1423 1682 Benedicti,
1446 1601 1524 1666 Lin-

313 1730 342 1775 11
355 1725 418 1776 Jan.
457 1695 494 1744 '“
516 1707 688 1773 colnieusie
714 1703 902 1781 *Dioecesis
938 1705 980 1770 ad
1010 1705 1191 1771 Romanam
1226 1705 1411 1782 Ecclesiam,
1434 1703 1524 1769 nullo

312 1807 375 1859 ω]
389 1796 461 1842 ¹⁴⁵²·
477 1817 496 1846 “
517 1810 633 1891 medio,
672 1809 876 1896 pertinentis,
913 1809 1053 1874 salutem
1091 1809 1127 1873 in
1165 1811 1311 1875 omnium
1343 1807 1523 1874 Salvatore.

475 1921 494 1948 “
516 1912 704 1979 (lenonibus
741 1911 894 1976 novimus
932 1933 1001 1976 esse
1036 1917 1180 1992 cautum,
1212 1912 1299 1998 quod
1336 1911 1424 1976 ultra
1457 1914 1524 1976 tres

477 2025 494 2051 “
516 2037 643 2081 menses
665 2034 781 2079 vacare
814 2035 881 2079 non
904 2012 1023 2079 debeat
1046 2014 1179 2080 ecclesia
1200 2015 1360 2102 regularis
1386 2014 1523 2101 praelato

477 2126 496 2154 “
517 2119 658 2198 viduari,
673 2137 730 2184 seu
753 2121 891 2203 pastore,
908 2137 959 2197 ne,
984 2117 1149 2182 occasione
1172 2117 1353 2183 vacationis
1375 2116 1524 2196 diutinae,

477 2227 495 2256 “
519 2221 659 2302 ecclesia,
687 2221 755 2285 sive
787 2218 1022 2310 monasterium
1052 2219 1249 2304 hujusmodi,
1274 2221 1312 2284 in
1337 2219 1523 2306 temporali-

477 2331 495 2358 “
519 2323 579 2388 bus
597 2344 698 2410 grave
720 2321 928 2407 dispendium
950 2327 1128 2409 pateretur.
1172 2323 1364 2410 Eupropter,
1386 2326 1525 2387 vacante

477 2433 622 2512 “nuper
656 2425 799 2490 Ecclesia
833 2423 1062 2502 Conventuali,
1087 2425 1158 2490 sive
1189 2425 1389 2491 Monasterio
1411 2430 1524 2490 nostro

476 2535 493 2564 “
516 2528 684 2615 praedicto,
701 2549 758 2614 per
773 2531 912 2591 mortem
927 2527 1022 2591 bonae
1038 2527 1203 2594 memoriae
1219 2527 1346 2594 Fratris
1361 2527 1385 2593 J
1386 2527 1525 2593 ohannis

477 2637 497 2666 “
519 2631 633 2710 Stolm,
667 2628 778 2694 ultimi
810 2627 953 2692 Abbatis
987 2627 1141 2713 ejusdem,
1165 2631 1223 2716 qui
1253 2651 1357 2718 nuper
1391 2633 1525 2716 quarto·

477 2740 495 2768 ‘⁴
519 2732 643 2798 dommo
675 2732 728 2796 die
760 2731 880 2795 mensis
914 2730 1113 2810 Decembris,
1148 2746 1234 2798 anno
1268 2733 1405 2798 Domini
1430 2731 1525 2797 ⁴mil-

476 2845 495 2871 “
516 2833 630 2899 lesimo
645 2832 967 2920 quadringentesimo
983 2833 1254 2922 quinquagesimo
1269 2835 1383 2924 primo,
1398 2835 1434 2898 in
1456 2834 1526 2899 fata

479 2947 496 2974 “
519 2938 663 3014 decessit,
696 2957 763 3014 nos,
799 2934 893 2999 Prior
924 2935 1040 3014 dictura,
1074 2941 1109 3002 et
1143 2958 1254 3002 omnes
1287 2937 1465 3003 confratres
1491 2940 1526 3000 et

480 3051 497 3076 ¹‘
519 3039 742 3107 commonachi
777 3035 921 3122 ejusdem
956 3039 1155 3122 monasterii,
1179 3044 1258 3105 tunc
1280 3045 1466 3127 praesentes,
1490 3043 1524 3103 et

479 3153 496 3178 “
520 3144 737 3221 Conventum,
769 3139 839 3205 sive
871 3138 1070 3226 Capitulum,
1093 3141 1238 3228 ejusdem
1266 3142 1424 3218 Ecolesiae,
1456 3141 1525 3206 sive

479 3253 497 3280 “
522 3243 723 3321 Monasterii,
757 3241 924 3317 facientes,
955 3242 992 3305 in
1023 3243 1129 3308 Domo
1159 3243 1341 3330 Capitulari
1379 3243 1524 3329 ejusdem

480 3357 497 3384 ‘⁴
521 3347 683 3426 Ecclesiae,
708 3345 778 3410 sive
802 3343 1007 3424 Mouasterii,
1023 3345 1178 3413 vicesimo
1201 3355 1295 3414 sexto
1310 3349 1365 3413 die
1380 3347 1524 3433 ejusdem

479 3460 495 3486 “
518 3449 646 3526 mensis,
674 3467 762 3512 anno
793 3445 932 3510 Domini
962 3448 1421 3538 sup1·adicto‚Oepitulariter
1450 3471 1524 3515 con·

480 3563 498 3589 “
519 3552 654 3639 gregati,
685 3570 727 3614 ne
757 3549 829 3635 ipsa
860 3549 1005 3613 Ecclesia
1036 3555 1156 3634 nostra,
1179 3553 1250 3618 sive
1279 3553 1524 3629 Monasterinm,

480 3654 694 3721 “viduitatis
724 3673 790 3718 suae
824 3651 1031 3718 incommoda
1052 3655 1189 3721 ulterius
1219 3658 1411 3744 deploraret,
1443 3655 1525 3720 lha-

480 3769 498 3794 “
520 3759 592 3824 bita
614 3763 648 3822 et
671 3756 810 3821 obtenta
842 3754 996 3841 primitus
1026 3779 1046 3821 a
1075 3761 1280 3826 serenissimo
1311 3759 1461 3847 Principe
1492 3763 1526 3824 et

478 3870 496 3900 “
518 3861 668 3938 Domino,
701 3857 844 3924 Domino
876 3863 990 3922 nostro
1024 3857 1178 3940 Henrioo,
1200 3863 1264 3928 Dei
1296 3863 1412 3951 gratia,
1437 3861 1526 3949 Rege

480 3971 497 4000 “
520 3963 650 4052 Angliae
688 3967 722 4026 et
761 3960 919 4038 Franciae‚
969 3981 1007 4026 ao
1044 3961 1188 4030 Domino
1225 3965 1406 4044 Hibemiae,
1444 3965 1525 4030 dicti

478 4076 497 4104 ‘¹
520 4064 712 4132 Monasterii
750 4063 924 4128 fundatore
961 4066 995 4126 et
1037 4070 1183 4149 patrono,
1221 4067 1355 4135 licentia
1391 4069 1427 4133 in
1465 4067 1526 4132 hac

480 4178 497 4204 “
518 4173 612 4256 parte
646 4165 813 4252 requisita,
841 4167 945 4228 certos
975 4163 1062 4229 diem
1092 4175 1126 4232 et
1159 4168 1267 4234 locum
1296 4176 1524 4258 competentes,

479 4281 495 4308 “
517 4270 678 4350 videlicet,
720 4267 808 4332 diem
851 4266 1161 4336 sextum-decimum
1201 4273 1323 4340 mensis
1371 4272 1393 4339 J
1397 4272 1526 4339 anuarli

485 4416 554 4423 ---——
583 4415 615 4420 ,-
642 4413 650 4418 .
680 4413 701 4416 .-
731 4411 771 4416 .--
786 4409 860 4415 -----
892 4409 940 4414 ---
991 4409 1036 4416 ..-
1057 4411 1307 4422 -..---.-.....-..
1334 4417 1524 4425 ,,,-,---,

513 4483 593 4534 ¹This
617 4483 638 4532 is
661 4481 705 4531 the
734 4475 930 4543 superscription
953 4477 1001 4541 etl
1056 4483 1067 4516 ³
1078 4483 1234 4535 Dimisi„
1246 4487 1303 4538 Ms,

478 4567 522 4615 the
543 4564 608 4614 head
631 4561 661 4610 ot'
684 4559 746 4610 each
763 4572 827 4623 page
855 4557 930 4606 down
952 4558 1002 4637 tol
1057 4563 1315 4630 *usp-Margana
1343 4567 1410 4616 Note
1432 4567 1458 4616 jn
1483 4569 1525 4617 me

479 4645 541 4695 solio
554 4649 592 4692 61
1024 4643 1091 4693 hand
1101 4642 1131 4692 11
1139 4643 1208 4694 Lord
1220 4644 1331 4696 William
1344 4647 1462 4697 Homd.

513 4716 887 4776 2’1111111111111111111111ῑ
905 4723 932 4764 to
949 4716 981 4764 be
1059 4719 1169 4772 ’dabitis
1179 4731 1204 4773 et
1214 4726 1320 4788 optentis
1331 4725 1356 4774 in
1370 4725 1425 4776 Ms.

481 4801 592 4869 supplied
602 4801 628 4851 in
639 4796 814 4850 illuminatior.
