3582 5838
501 910 674 961 romarus
697 913 980 964 wnnrnausrnna
1003 917 1181 968 aaouann.
1294 905 1355 968 211

309 1098 511 1185 modumque
537 1101 714 1188 praedictus
743 1101 914 1171 Johannes
944 1103 1042 1192 Fray,
1065 1127 1124 1193 per
1154 1075 1275 1172 nbmen
1298 1105 1529 1173 Jo-A·D·1⁴⁵⁶·

309 1200 430 1267 hannis
467 1203 564 1291 Fray,
588 1204 748 1293 Capitalis
783 1206 922 1272 Baronis
952 1208 993 1274 de
1023 1207 1190 1275 scaccario
1222 1209 1357 1276 Domini

309 1303 416 1392 Regis,
452 1327 512 1393 por
546 1307 713 1374 licentiam
748 1307 885 1374 Domini
922 1309 1022 1396 Regis
1062 1309 1269 1394 ¹obtentam,
1300 1333 1359 1400 per

308 1408 485 1492 quamdam
505 1406 676 1476 ’chartam
692 1431 786 1476 suam
809 1411 862 1477 hic
884 1411 922 1477 in
946 1412 1046 1478 Ornia
1068 1413 1241 1500 prolatam,
1263 1415 1357 1500 cnjus

308 1509 388 1575 data
409 1517 460 1578 eat
480 1512 719 1579 tertio-decimo
743 1513 796 1578 die
817 1512 998 1594 Februarii,
1012 1537 1099 1582 anno
1114 1516 1207 1604 regni
1221 1516 1357 1582 Domini

309 1611 409 1702 Regis
437 1637 526 1682 nunc
555 1617 799 1697 sexto-decimo,
827 1617 996 1684 recitando
1025 1620 1242 1708 parcendam
1269 1620 1356 1708 quod
1431 1641 1434 1648 ·

307 1715 395 1782 idem
428 1717 591 1785 Dominus
615 1713 707 1799 'Rara
737 1741 795 1807 per
828 1721 973 1787 Litteras
1004 1743 1079 1788 suas
1117 1723 1282 1804 Potentes,
1316 1721 1357 1788 de

307 1819 416 1904 gratia
437 1843 497 1886 sua
519 1821 650 1909 speciali
672 1821 736 1888 sibi
758 1824 962 1902 concesserit,
978 1828 1012 1889 et
1033 1824 1202 1890 licentiam
1218 1824 1355 1907 dederit,

306 1922 396 2006 quod
416 1922 486 2010 ipse
506 1924 690 1990 manerium
712 1946 809 1991 suum
832 1926 874 1991 de
897 1924 1155 2006 Burstonehalle,
1178 1947 1252 1992 cum
1282 1947 1355 2014 per-

306 2024 468 2104 tinentiis,
489 2025 528 2091 in
550 2026 718 2092 Parochiis
741 2027 837 2093 Beati
860 2027 953 2094 Petri
976 2033 1010 2094 et
1040 2028 1154 2095 Sancti
1186 2027 1356 2115 Stephani,

301 2127 405 2212 juxta
425 2127 540 2194 villam
555 2130 597 2195 de
612 2129 733 2196 Sancto
748 2130 887 2210 Albano,
901 2131 939 2196 in
958 2130 1129 2197 Comitatu
1144 2131 1356 2211 Hertfordiae,

305 2230 394 2315 quod
416 2231 458 2296 de
480 2231 612 2298 Abbate
634 2238 670 2299 ct
691 2233 869 2299 Conventu
891 2233 1086 2300 Monaaterii
1103 2233 1218 2301 Sancti
1233 2234 1356 2299 Albani

305 2338 447 2415 tenetur,
484 2339 519 2400 et
555 2335 702 2401 valorem
739 2335 864 2422 viginti
902 2357 1086 2402 marcarum
1127 2357 1185 2425 per
1221 2357 1354 2414 annum,

304 2436 396 2502 ultra
416 2437 563 2524 reprisas,
594 2460 664 2505 non
696 2438 836 2518 excedit,
859 2438 939 2504 dare
964 2445 1083 2527 posset,
1106 2444 1142 2506 at
1171 2439 1353 2521 concedere,

304 2539 442 2626 praefato
463 2539 487 2606 J
490 2540 620 2620 ohanni,
644 2561 732 2608 nunc
754 2541 880 2607 Abbati
907 2541 988 2607 dicti
1017 2543 1210 2609 monasterii
1240 2541 1355 2608 Sancti

304 2643 439 2722 Albani,
470 2649 504 2710 et
530 2643 717 2711 Conventui
739 2643 886 2731 ejusdem
915 2644 986 2725 loci,
1024 2644 1211 2710 habendum
1241 2650 1275 2711 et
1305 2649 1355 2710 te·

304 2746 450 2812 nendum
473 2745 538 2812 sibi
561 2751 595 2813 et
621 2746 857 2821 successoribus
887 2746 955 2811 suis
984 2743 1043 2811 8in
1072 2751 1290 2833 perpetuum
1320 2751 1355 2811 et

303 2848 427 2915 sladem
464 2849 590 2915 Abbati
627 2855 662 2916 et
699 2848 896 2926 conventui,
935 2853 970 2914 et
1007 2848 1243 2914 successoribus
1277 2847 1354 2927 suis,

303 2950 392 3037 quod
420 2951 485 3038 ipsi
514 2952 698 3017 manerium
726 2950 931 3038 praedictum,
961 2971 1037 3015 cum
1067 2949 1283 3037 pertinentiis,
1313 2949 1355 3016 da

303 3052 390 3119 dono
419 3053 522 3141 ipsius
543 3054 708 3120 Johannis
730 3055 830 3139 Fray,
853 3073 967 3141 capere
990 3057 1024 3118 et
1045 3052 1188 3138 recipere
1209 3056 1353 3139 possent,

302 3155 491 3222 habendum
514 3161 549 3223 et
570 3158 752 3223 tenendum
775 3155 839 3222 sibi
863 3161 898 3222 et
928 3154 1165 3221 successoribus
1195 3153 1270 3234 auis,
1294 3153 1354 3220 lin
1424 3237 1434 3252 1

302 3264 520 3346 perpetuum
557 3259 600 3325 ad
637 3259 839 3326 exorandum
878 3259 966 3324 bona
999 3279 1058 3345 pro
1091 3257 1234 3323 sanitate
1272 3256 1352 3322 (licti

301 3362 439 3428 Domini
462 3361 569 3450 Regis,
592 3363 672 3429 dum
693 3362 826 3442 vixerit,
850 3366 885 3428 ct
907 3383 967 3448 pro
990 3361 1101 3425 anima
1123 3381 1190 3439 aua,
1214 3381 1289 3425 cum
1309 3360 1352 3426 ab

300 3465 362 3532 hac
383 3465 455 3531 luca
468 3465 671 3552 migraverit,
687 3487 725 3532 ac
746 3487 806 3554 pro
828 3463 1002 3531 animabus
1023 3463 1186 3530 nobilium
1200 3463 1351 3550 progeni-

299 3573 411 3634 torum
433 3589 575 3648 suorum,
598 3589 726 3634 necnon
748 3568 785 3634 in
815 3567 976 3633 auxilium
1007 3570 1042 3632 et
1068 3565 1352 3653 supportationem

300 3691 437 3738 onerum
459 3669 681 3758 spiritualium
700 3691 760 3757 pro
782 3669 956 3735 animabus
977 3667 1058 3733 dicti
1073 3665 1097 3732 J
1099 3667 1237 3734 ohannis
1253 3667 1352 3752 Fray‚

298 3795 337 3840 ac
357 3777 534 3860 parentum
555 3781 590 3839 et
612 3774 791 3838 amicorum
813 3792 965 3851 suorum3
987 3791 1046 3856 per
1060 3769 1215 3857 praefatos
1238 3768 1351 3834 Abba·

297 3883 367 3942 tem
389 3881 424 3943 et
446 3876 666 3958 Conventum,
689 3879 725 3942 et
746 3896 941 3942 successores
963 3895 1047 3952 suos,
1062 3871 1212 3938 facienda
1225 3871 1263 3936 in
1277 3893 1350 3958 per·

297 3982 444 4066 petuam,
468 4000 541 4065 quae
563 3979 653 4045 inter
674 3979 850 4066 praefatum
872 3977 1062 4043 Johannem
1085 3974 1184 4060 Fray,
1210 3977 1244 4038 ct
1261 3993 1347 4060 praa-

296 4082 384 4148 fatos
405 4103 493 4148 nunc
507 4081 673 4148 Abbatem
695 4086 730 4149 et
753 4081 970 4159 Conventum,
985 4081 1020 4144 et
1043 4097 1240 4143 successores
1262 4096 1347 4153 suos,

297 4187 406 4252 forent
428 4185 630 4266 concordata,
653 4183 791 4251 Statuto
815 4185 856 4250 de
882 4181 979 4250 terris
1009 4183 1045 4246 et
1074 4175 1273 4246 tenementis
1304 4177 1348 4241 ad

296 4311 432 4355 manum
454 4293 618 4355 mortuam
647 4309 719 4364 non
745 4285 905 4374 ponendis
935 4282 1033 4362 edito,
1056 4281 1112 4348 vel
1142 4279 1252 4366 aliquo
1282 4278 1347 4344 alio

296 4393 435 4459 Statuto
466 4392 504 4457 in
537 4392 737 4458 contrarium
770 4389 867 4472 facto,
890 4377 969 4453 'non
1003 4385 1164 4463 obstante,
1188 4385 1287 4469 prout
1310 4382 1347 4446 in
1400 4400 1414 4424 ·

194 4555 198 4562 .
295 4495 461 4584 praediotis
476 4493 613 4561 Litteris
625 4493 820 4560 Potentibus
828 4490 960 4580 plenius
975 4488 1167 4554 continetur
1180 4484 1347 4572 ;—vig0re

1035 4659 1148 4666 ...μ-...ι

297 4671 401 4678 ---—-
406 4669 647 4676 --—.-.—.——.
669 4667 820 4675 -...-——

331 4752 578 4820 mantuanus.
874 4745 1066 4814 ‘imperpetm
1077 4741 1105 4794 in
1116 4741 1173 4794 MS.

328 4832 445 4884 ’canam
455 4832 552 4885 inus.
1147 4917 1170 4966 0
1192 4903 1214 4965 2
