3560 5838
676 908 852 960 srrnmm
876 893 940 980 (o).
1269 897 1335 964 463

329 1099 425 1180 Item,
447 1122 609 1168 cameram
631 1123 726 1168 suam
755 1099 944 1168 inferiorem
968 1100 1057 1166 infra
1084 1100 1330 1182 Monesterium,
1439 1171 1441 1176 ,

284 1207 450 1268 vetustum
471 1205 570 1291 prius,
592 1212 627 1270 et
649 1204 743 1292 quasi
765 1204 955 1285 desolatam,
970 1203 1148 1270 innovavit
1170 1205 1206 1269 in
1222 1205 1331 1285 variis,

285 1311 332 1382 ut,
354 1311 444 1392 pute,
466 1305 503 1370 in
525 1305 692 1388 ooeleture,
715 1305 853 1386 camino,
869 1310 904 1371 et
926 1305 1088 1383 fenestris,
1103 1305 1240 1392 fierique
1254 1307 1333 1372 fecit

284 1427 343 1493 pro
365 1429 404 1472 ea
425 1407 462 1472 in
484 1407 570 1474 lecto
592 1414 627 1475 et
648 1407 723 1474 eliis
744 1409 826 1473 satis
849 1407 1003 1474 decenter
1024 1409 1279 1495 perornationes.

330 1508 425 1588 Itcm,
469 1531 528 1597 pro
572 1510 752 1599 garderobe
789 1510 871 1576 duas
907 1510 1060 1576 renovari
1098 1509 1176 1576 fecit
1220 1511 1332 1597 pelves

283 1620 462 1699 argenteas,
484 1635 558 1700 quoe
580 1620 675 1681 scuta
697 1612 821 1678 babent
842 1611 957 1679 Sancti
981 1611 1103 1677 Albani
1123 1610 1332 1679 ¹anemelata

283 1715 319 1778 iu
349 1715 416 1780 suis
445 1713 565 1780 fundis
611 1715 707 1797 Item,
738 1712 873 1802 'ciphos
898 1714 1038 1781 totidem
1071 1720 1241 1804 argenteos
1274 1715 1332 1781 de·

284 1822 425 1895 curatos,
448 1837 522 1882 cnm
545 1817 752 1906 cooperculis,
775 1817 818 1883 ed
840 1816 1051 1883 serviendum
1074 1817 1111 1882 in
1132 1838 1244 1883 mensa
1258 1837 1331 1904 per·

284 1919 380 1997 sonis,
402 1919 552 1986 assedere
574 1941 649 1986 cum
670 1919 856 2007 contigerit,
879 1919 985 2007 magis
1006 1919 1159 1984 honestis

328 2020 373 2087 Et
395 2023 474 2108 quia
507 2027 576 2088 tem
610 2021 752 2088 fideliter
786 2022 873 2087 bona
903 2019 1043 2087 ecclesiae
1076 2020 1329 2108 dispensaverat,

284 2129 418 2210 tamque
440 2124 619 2212 prudenter
640 2125 677 2189 in
699 2126 845 2211 tempore
867 2123 971 2189 tritici
1001 2143 1185 2188 mensuram
1209 2123 1329 2210 populo

283 2224 448 2313 indigenti
470 2225 689 2307 ministrabat,
712 2225 786 2291 ideo
808 2246 905 2312 super
927 2223 1135 2291 excelsiorem
1157 2225 1331 2291 constituit

284 2347 359 2391 eum
396 2327 558 2393 Dominus
594 2327 763 2407 familiam,
800 2325 1038 2412 transtulitque
1075 2346 1150 2392 eum
1184 2326 1225 2392 de
1254 2325 1330 2393 sede

284 2429 382 2514 hujus
404 2429 605 2496 Ooenobielis
627 2428 781 2497 Ecclesiae
812 2448 916 2514 usque
945 2427 989 2494 ad
1012 2427 1240 2494 Oathedrelem
1269 2429 1330 2495 Eo·

284 2529 414 2596 clesiam
448 2529 729 2610 Liohfeldcnsem;
760 2529 819 2596 ubi
853 2528 974 2617 praesul
1005 2534 1041 2596 et
1074 2535 1189 2616 pastor
1217 2529 1330 2610 factus,

284 2639 318 2696 ct
339 2653 437 2719 super
466 2632 592 2719 plebem
622 2637 730 2699 rector
759 2633 969 2710 constitutus,
1000 2631 1055 2712 sio,
1080 2631 1181 2718 juxte
1210 2632 1330 2700 doctri·

283 2755 362 2798 nam
385 2735 567 2821 Prophetes,
590 2733 728 2801 evellere
751 2733 890 2813 studuit,
914 2740 950 2801 et
971 2733 1148 2812 destruere,
1164 2733 1330 2820 dissipare,

285 2843 319 2900 et
337 2835 531 2923 disperdere,
546 2836 708 2904 aedificare
723 2857 810 2914 vero,
826 2840 861 2901 et
882 2835 1113 2922 complantare,
1129 2835 1217 2922 quod
1232 2837 1329 2903 modo

284 2959 357 3002 cum
379 2937 562 3026 Prophetis,
584 2960 658 3004 cum
681 2937 877 3024 sanctisque
899 2937 973 3004 aliis
995 2937 1058 3002 Dei
1082 2937 1239 3016 coelectis,
1262 2959 1329 3004 me·

283 3045 395 3106 reetur
430 3053 551 3106 sortem
580 3041 708 3120 habere,
740 3045 775 3106 et
812 3039 1049 3118 haereditetem,
1083 3039 1118 3103 in
1156 3043 1330 3126 perpetuas

283 3142 506 3208 aeternitates:
528 3141 649 3228 praesul
670 3149 705 3208 et
727 3141 883 3229 praeletus
905 3142 979 3208 ideo
1002 3161 1069 3228 prm
1084 3141 1211 3206 coeteris
1225 3143 1329 3229 magis

283 3245 452 3330 signanter
485 3243 793 3322 commemorandus,
827 3244 907 3331 quia
940 3249 1112 3329 postquam
1148 3243 1280 3309 recessit
1310 3265 1331 3308 a

283 3347 451 3432 primaerae
488 3367 614 3433 sponsae
644 3345 858 3432 amplexibus,
889 3351 924 3410 et
953 3343 1067 3431 nupsit
1097 3343 1192 3408 elteri
1222 3345 1354 3432 digni-

284 3449 364 3514 tatis
387 3447 579 3526 excelsioris,
602 3447 708 3535 ipsam
731 3447 924 3534 primaevam
947 3467 1015 3512 non
1036 3445 1178 3512 deseruit
1190 3471 1198 3528 ;
1220 3446 1329 3527 immo,

284 3551 387 3617 coluit
418 3551 568 3638 amplius,
591 3549 826 3637 ardentiusque
860 3549 987 3616 dilexit.
1034 3547 1122 3614 Nam
1156 3555 1329 3636 postquam

283 3653 326 3718 eb
363 3652 424 3718 hec
460 3653 593 3719 recessit
630 3652 771 3734 eeclesia,
811 3651 970 3717 nonnulla
1001 3651 1038 3716 in
1068 3651 1173 3731 libris,
1210 3653 1328 3739 cappis,

284 3776 371 3834 euro,
407 3759 441 3820 et
478 3755 694 3833 vestimentis,
728 3754 834 3820 eidem
868 3753 1058 3820 conferebat
1094 3753 1250 3834 donario,
1288 3755 1329 3821 de

284 3857 410 3941 quibus,
433 3856 470 3920 in
492 3856 622 3922 leudem
650 3862 841 3943 perpetuam
864 3855 1007 3920 nominis
1036 3855 1146 3942 ipsius,
1179 3855 1220 3920 fit
1249 3855 1330 3922 olibi

283 3961 319 4024 in
355 3957 538 4046 ⁸Registro
580 3959 684 4045 magis
728 3957 828 4044 plena
871 3957 1055 4043 inscriptio,
1087 3956 1331 4042 declaratioque

284 4061 440 4148 specialis.

328 4289 504 4368 lohannes,
541 4312 562 4354 e
599 4288 667 4354 solo
711 4285 901 4354 nativitatis
946 4251 1272 4360 “Whethamstede‚”
1310 4305 1331 4348 a

284 4397 422 4478 paterna
466 4413 544 4458 vero
589 4389 715 4477 origine
761 4397 777 4425 ‘¹
792 4387 944 4468 Bostok,''
990 4386 1250 4474 cognominatus,
1294 4385 1331 4449 in

284 4515 439 4581 sponsum
477 4493 618 4560 ecclesiae
655 4491 763 4578 hujus,
800 4495 996 4578 cooperante
1036 4489 1157 4554 Sancto
1195 4485 1331 4575 Spiritu,

321 4745 590 4798 membranulis.
866 4739 951 4792 ⁸'l'hls
974 4739 1089 4805 Regiae
1110 4738 1132 4791 is
1153 4741 1275 4806 probably
1297 4756 1331 4791 no

317 4825 328 4859 ¹
339 4830 354 4856 ‘¹
363 4825 488 4891 aqrpton’'
499 4825 543 4876 the
553 4823 667 4876 classical
678 4823 750 4874 form.
831 4821 919 4888 longer
930 4820 957 4872 in
967 4819 1100 4873 existence.
