3668 5842
435 873 502 940 300
769 883 969 935 snulsrnuu
991 883 1150 936 nsssnn

262 1062 332 1115 M)-
346 1067 419 1118 ¹⁴⁵⁸·
433 1085 451 1114 “
471 1081 602 1144 nostros
623 1077 660 1141 in
681 1076 834 1143 omnibus
863 1099 938 1164 quse
967 1098 1098 1147 servare
1121 1083 1281 1165 poterunt
1302 1101 1362 1166 pro
1391 1080 1480 1147 bono

430 1187 448 1216 “
469 1183 582 1246 nostro
603 1184 638 1245 et
661 1179 754 1266 regni
773 1179 888 1258 nostri,
905 1179 1076 1266 procedere
1099 1179 1200 1247 libere
1222 1203 1398 1268 possemus,
1422 1182 1480 1248 od-

430 1289 448 1318 “
470 1281 535 1347 huc
565 1303 634 1360 nos,
665 1303 725 1370 per
755 1280 1011 1347 ovisismcntum
1043 1282 1159 1369 Magni
1192 1282 1333 1349 Concilii
1364 1285 1480 1366 nostri,

428 1383 634 1450 “voluimus
678 1388 713 1449 et
758 1383 1013 1450 desideravimus
1057 1390 1171 1472 partes
1209 1385 1392 1472 praedietus,
1437 1388 1482 1455 nd

430 1495 447 1523 “
469 1485 657 1574 ponendum
679 1485 785 1551 dictus
806 1486 960 1552 meterius
981 1486 1207 1552 variationum
1233 1487 1270 1553 iu
1293 1486 1482 1573 ¹troctctu3

429 1595 449 1625 “
470 1586 590 1673 quibus
626 1586 691 1674 ipsi
727 1587 771 1653 ed
807 1596 921 1653 nostra
958 1587 1166 1655 voluntatem
1204 1595 1238 1655 et
1278 1590 1479 1656 desiderium

428 1696 447 1727 “
470 1688 800 1769 ²condescenderunt,
816 1697 851 1756 et
866 1695 1096 1757 concesserunt
1118 1691 1163 1756 od
1185 1692 1343 1758 standum
1358 1694 1481 1760 nostris

430 1801 448 1828 ‘¹
470 1792 578 1872 laudo,
596 1792 806 1872 ordinationi,
829 1798 864 1857 et
881 1792 1017 1879 judicio,
1032 1793 1068 1863 in
1084 1793 1207 1860 eisdem
1228 1795 1376 1861 meteriis
1390 1797 1479 1862 rori·

428 1903 446 1931 “
468 1894 637 1975 ntionum3
662 1899 817 1962 vocantes
831 1895 875 1961 od
891 1916 951 1960 uos
966 1894 1008 1960 de
1031 1895 1160 1982 mugnis
1175 1895 1370 1982 praelotibus
1384 1899 1479 1985 regni

428 2003 446 2034 “
469 1998 583 2078 nostri,
607 1997 815 2063 dominorum
847 1997 888 2063 de
923 1996 1082 2084 sauguine
1113 2005 1236 2077 nostro,
1269 2005 1304 2066 et
1338 1999 1476 2067 Consilii

427 2107 446 2138 ‘⁴
469 2100 584 2178 nostri,
621 2121 660 2166 ac
697 2100 799 2165 etiarn
831 2100 983 2186 judicum
1020 2106 1216 2182 nostrorum,
1255 2103 1344 2187 quod
1380 2101 1477 2168 nobis

427 2211 445 2238 “
467 2202 564 2268 valde
587 2202 751 2290 ogrecbile
773 2202 847 2282 fuit,
863 2203 906 2268 cd
925 2201 1179 2289 intelligendum
1204 2205 1350 2290 ipsorum
1374 2205 1479 2271 bonas

426 2312 444 2341 “
466 2304 698 2393 dispositiones
720 2326 834 2371 versus
857 2304 1077 2384 dilectionem,
1100 2305 1275 2385 unitatem,
1299 2312 1333 2372 et
1356 2328 1478 2393 pacem,

425 2413 444 2443 “
467 2414 503 2472 ct
523 2409 565 2473 sd
581 2407 769 2494 ponendum
791 2429 903 2474 eorum
926 2429 1017 2494 spem
1041 2429 1140 2494 super
1162 2408 1382 2496 nos-Super
1402 2431 1475 2496 quo,

424 2518 524 2598 “pro
549 2508 639 2575 bono
669 2509 886 2576 conclusionis
915 2509 1113 2575 intentionis
1139 2509 1347 2597 suprodictae,
1375 2511 1477 2598 depu-

426 2621 444 2648 “
466 2613 613 2679 tovimus
636 2619 671 2678 et
692 2613 883 2679 vocavimus
913 2611 956 2677 cd
987 2632 1048 2677 nos
1080 2611 1120 2678 de
1147 2612 1360 2700 magnetibus
1393 2635 1476 2702 prae-

424 2722 443 2752 “
466 2715 610 2781 lotorum
632 2714 727 2802 regui
744 2713 861 2794 nostri,
876 2713 1085 2780 dominorum
1107 2713 1149 2779 de
1171 2714 1332 2801 sanguine
1354 2721 1476 2794 nostro,

427 2822 503 2884 “et
538 2816 676 2884 Consilii
709 2817 826 2898 nostri,
859 2838 898 2882 ac
926 2815 1079 2901 judicum
1113 2822 1310 2898 nostrorum,
1332 2818 1400 2904 qui,
1433 2839 1476 2885 cx

424 2929 441 2958 “
463 2925 576 2986 nostro
608 2919 773 2997 mandato,
804 2941 878 2984 cum
907 2917 1153 2998 deliberatione,
1183 2918 1303 2998 labore,
1335 2925 1370 2986 et
1400 2919 1474 2986 dili-

423 3033 441 3060 “
463 3022 578 3111 gentio
599 3023 828 3111 palpaverunt,
852 3020 1096 3100 intellexeruut,
1126 3025 1161 3087 et
1191 3022 1475 3105 examinaverunt,

423 3133 440 3160 “
462 3125 617 3192 meterius
631 3123 794 3190 diciorum
810 3121 1129 3190 ³controversiorum
1145 3127 1180 3189 et
1193 3123 1426 3203 veriatiouum,
1440 3129 1476 3191 ct

424 3236 441 3264 “
463 3227 789 3294 communicaverunt
811 3225 1018 3292 moturoliter
1040 3246 1114 3292 cum
1135 3226 1286 3314 pertibus
1301 3228 1474 3314 praedictis‚

423 3337 441 3364 “
462 3335 623 3395 eteorum
646 3328 801 3407 consiliis,
816 3349 855 3394 oc
877 3327 1078 3393 audiverunt
1098 3349 1209 3394 eorum
1225 3328 1473 3415 querelctiones,

423 3437 441 3468 “
463 3437 498 3496 et
520 3430 724 3495 substautias
754 3429 900 3517 ipserum
930 3428 1261 3505 ”controversiarum
1291 3433 1473 3518 responsio-

423 3541 440 3567 “
463 3553 554 3612 uum,
569 3538 604 3598 et
626 3530 883 3597 declarationum
905 3530 949 3596 od
963 3529 1139 3617 premissa,
1155 3537 1191 3596 et
1205 3532 1474 3618 ponderaverunt

422 3641 440 3670 “
463 3633 578 3721 quenti
611 3632 765 3720 ponderis
795 3632 863 3700 illes
896 3637 983 3698 sunt,
1029 3632 1099 3720 Ipsi
1130 3633 1232 3699 etium
1263 3635 1474 3702 moturoliter

421 3743 439 3773 “
461 3735 794 3816 commrmioeverunt,
825 3740 859 3801 et
885 3735 1062 3822 diligenter
1087 3735 1338 3822 exquisiverunt
1369 3737 1472 3803 retio-

420 3848 439 3875 “
462 3859 520 3904 nes
552 3841 587 3903 et
621 3837 701 3918 vius,
734 3841 770 3903 et
800 3837 1003 3904 invenerunt
1033 3837 1155 3903 multos
1184 3841 1219 3904 et
1250 3837 1404 3918 diverses,
1436 3845 1471 3906 et

421 3947 441 3976 “
462 3937 597 4028 ‘polam
611 3939 686 4005 illes
708 3939 803 4005 nobis
825 3939 981 4017 fecerunt,
996 3960 1057 4026 pro
1080 3939 1300 4006 eradicetione
1322 3940 1471 4008 radicum

421 4051 440 4078 “
461 4063 641 4120 raucorum,
669 4046 704 4108 et
732 4041 971 4128 postpositione
1001 4040 1173 4108 <inordina
1210 4047 1244 4108 et
1275 4040 1471 4110 venationis

419 4153 437 4182 ‘⁶
460 4144 732 4234 supradictarum,
755 4167 793 4210 cc
815 4166 875 4232 pro
897 4143 1103 4210 stubilitiono
1125 4149 1160 4210 ot
1182 4144 1370 4211 nutritione
1398 4167 1470 4233 per-

418 4255 436 4284 “
459 4252 568 4335 petuae
591 4253 625 4313 et
648 4247 799 4332 perfectae
821 4245 970 4326 urutctis,
986 4245 1181 4324 dilectionis,
1203 4250 1238 4312 et
1260 4247 1358 4334 pacis,
1381 4247 1470 4314 inter

418 4357 436 4388 ‘⁴
458 4355 568 4437 portes
590 4349 771 4436 praedictcs
810 4347 959 4429 Quorum
981 4347 1115 4434 quidem
1130 4347 1338 4414 dominorum
1361 4353 1396 4416 et
1413 4349 1469 4436 ju-

419 4452 568 4518 “dicum
591 4449 780 4539 diligentius
811 4455 846 4516 et
876 4449 1003 4516 lnborcs
1037 4471 1097 4516 nos
1130 4449 1404 4528 commendemus,
1434 4456 1469 4518 ct

453 4733 676 4786 caminus
997 4731 1345 4786 wormandus.

451 4812 792 4866 emmerammus.
998 4809 1201 4876 moninus.
