3640 5842
481 911 548 975 364
813 923 1011 974 nnursrsuu
1033 923 1189 973 rnnnrrn

311 1110 615 1190 ao1ssoff‘,tolta
648 1112 830 1199 curtilagia,
854 1117 949 1192 terra,
980 1117 1123 1199 pratum,
1153 1113 1278 1195 boscus,
1300 1119 1334 1179 et
1367 1113 1524 1188 redditus,

480 1213 676 1301 “praedicta
698 1220 882 1294 teneantur,
905 1221 939 1280 et
961 1239 1020 1303 per
1042 1216 1130 1302 quod
1159 1216 1398 1297 servitium,et
1383 1213 1525 1330 tquali-
1604 1261 1610 1271 .

480 1321 497 1350 “
520 1321 580 1394 ter,
603 1323 637 1382 et
659 1317 829 1403 quomodo,
851 1323 885 1383 et
906 1324 1068 1404 quantum
1093 1318 1225 1384 valeant
1251 1340 1458 1404 perannum
1487 1317 1523 1380 in

479 1426 497 1453 “
520 1421 671 1484 omnibus
705 1420 858 1501 exitibus,
885 1420 987 1504 juxta
1018 1443 1134 1486 verum
1155 1421 1301 1486 valorem
1326 1420 1522 1495 eorundem

479 1526 554 1587 “et
577 1544 660 1607 quse,
684 1528 718 1586 et
741 1525 822 1608 quot
849 1528 936 1600 sunt,
961 1529 995 1588 ct
1021 1524 1145 1600 modus,
1169 1524 1258 1588 inter
1287 1543 1347 1587 nos
1377 1527 1412 1586 et
1441 1542 1522 1607 prae·

478 1631 495 1657 “
518 1623 602 1690 fatos
625 1625 811 1690 Johannem
834 1626 930 1705 Eure,
953 1625 1123 1706 Thomam,
1150 1626 1335 1691 Johannem
1368 1623 1523 1701 Beaufuz,

478 1733 495 1760 “
516 1731 551 1791 et
573 1726 766 1806 Walterum,
782 1727 822 1792 de
838 1727 1021 1814 mesuagiis,
1037 1728 1200 1804 maneriis,
1216 1727 1317 1804 tostis,
1332 1724 1523 1811 curtilagiis,

476 1834 495 1864 “
516 1833 605 1892 terra
606 1835 732 1913 „prato
748 1829 853 1909 bosco,
870 1834 904 1894 et
925 1829 1066 1908 redditu,
1082 1829 1255 1916 praedictiq
1272 1833 1306 1893 et
1326 1849 1401 1914 quae
1415 1833 1522 1903 terrae,

475 1935 494 1964 “
515 1935 549 1994 et
580 1951 653 2015 quus
687 1935 884 2008 tenemento,
919 1930 1040 1996 eisdem
1072 1931 1220 1996 «Iohanni
1250 1931 1346 2009 Eure,
1376 1930 1520 2006 Thomae,

473 2038 492 2068 “
514 2033 537 2098 J
539 2033 661 2097 ohannr
677 2033 831 2110 Beaufuz,
842 2039 876 2098 et
888 2034 1043 2112 Waltero,
1060 2033 1068 2070 ¹
1081 2033 1170 2099 ultra
1184 2013 1421 2100 concessionem
1437 2053 1521 2118 prae-

474 2143 491 2168 “
514 2134 635 2199 dictam
671 2135 883 2215 remanentia,
915 2141 949 2201 et
978 2135 1047 2212 ubi,
1078 2141 1112 2200 et
1142 2135 1183 2200 de
1213 2157 1278 2220 quo
1308 2135 1362 2200 vel
1399 2134 1520 2219 quibus

473 2240 491 2270 “
513 2241 698 2316 teneantur,
731 2241 765 2302 et
794 2258 853 2322 per
883 2237 971 2322 quod
1008 2237 1192 2318 servitium,
1227 2243 1261 2302 ct
1298 2236 1450 2322 qualiter,
1485 2241 1520 2300 et

471 2345 490 2374 “
514 2338 684 2424 quomodo,
709 2345 744 2404 et
774 2345 935 2425 quantum
958 2339 1092 2404 valeant
1116 2361 1174 2426 per
1200 2361 1325 2403 annum
1351 2339 1388 2402 in
1413 2338 1518 2402 omni-

472 2447 489 2474 “
511 2439 574 2511 bus
611 2441 781 2520 exitibus;
820 2446 854 2505 et
891 2441 919 2506 si
956 2447 1053 2506 terrae
1091 2449 1126 2506 et
1163 2447 1354 2507 tenements
1394 2440 1515 2506 eisdem

471 2547 490 2576 “
513 2542 659 2606 Jobauni
682 2543 778 2619 Eure,
802 2541 950 2620 Thomae,
967 2543 1114 2608 Jobanni
1137 2543 1290 2621 Beaufuz,
1306 2549 1340 2608 et
1366 2543 1517 2621 Waltem,

470 2651 488 2678 “
510 2645 596 2710 ultre
620 2645 859 2711 concessionem
889 2645 1082 2731 praedictum
1112 2646 1324 2722 remanentia,
1353 2645 1517 2710 sufficiant

470 2754 487 2780 “
510 2747 552 2812 ad
567 2747 819 2813 consuetudines
834 2752 868 2812 et
880 2747 1018 2811 servitia
1032 2753 1101 2812 tam
1117 2747 1159 2812 de
1174 2747 1340 2833 praedictis
1355 2748 1515 2825 maneriis,

469 2859 486 2885 ‘¹
510 2849 694 2936 mesuagiis,
709 2849 812 2928 tostis,
827 2848 1017 2935 curtilagiis,
1040 2857 1136 2928 tems,
1155 2855 1259 2935 prato,
1276 2851 1379 2928 bosuc,
1395 2857 1429 2915 et
1444 2849 1514 2915 red-

468 2961 485 2989 “
507 2953 591 3033 dito,
608 2953 654 3018 sic
670 2953 836 3030 concessis,
852 2973 952 3037 quam
974 2953 1015 3018 de
1038 2952 1110 3016 aliis
1132 2949 1228 3016 terris
1252 2958 1286 3016 et
1307 2953 1513 3033 tenementis,

467 3061 486 3091 “
509 3055 571 3120 sibi
598 3055 743 3132 retentis,
762 3054 873 3119 debite
899 3052 1055 3132 facienda,
1072 3059 1107 3119 et
1131 3055 1305 3118 adomnia
1328 3054 1394 3118 sliu
1418 3075 1514 3119 onera

467 3163 485 3193 “
507 3179 580 3242 quae
594 3157 830 3234 sustinuerunt,
847 3160 880 3221 et
901 3155 1062 3220 sustinere
1077 3161 1324 3235 consueverunt,
1342 3162 1381 3221 ut
1395 3157 1431 3220 in
1446 3177 1514 3221 sec·

467 3267 484 3298 “
508 3261 559 3337 tis,
575 3258 710 3338 visibus,
727 3258 954 3344 franciplegiis,
970 3257 1111 3337 auxiliis,
1127 3257 1277 3345 tollagiis,
1293 3257 1423 3344 vigiliis,
1438 3257 1513 3322 fini-

466 3369 484 3396 “
506 3361 577 3439 bue,
599 3359 887 3446 redemptionibus,
911 3359 1181 3437 amerciamentis,
1204 3360 1511 3439 contributionibus,

467 3468 484 3496 “
506 3468 541 3526 et
562 3461 635 3526 aliis
650 3461 897 3548 quibuscunque
912 3461 1064 3527 oneribus
1080 3462 1297 3542 sustinendis3
1320 3467 1355 3527 et
1369 3462 1399 3527 si
1411 3462 1511 3528 iidem

467 3571 483 3600 “
505 3564 674 3629 Johsnues
697 3563 793 3643 Eure,
816 3563 965 3642 Thomas,
990 3563 1157 3629 Johannes
1180 3565 1334 3642 Beaufuz,
1357 3587 1395 3630 ac
1409 3564 1511 3631 haere·

466 3665 563 3731 “des
588 3667 691 3752 ipsius
716 3665 865 3743 Walteri,
887 3665 924 3731 in
947 3666 1064 3744 assisis,
1082 3667 1213 3751 juratis,
1237 3673 1271 3732 et
1300 3667 1373 3732 aliis
1404 3689 1511 3752 recog-

465 3777 481 3802 “
505 3769 688 3834 nitionibus
719 3768 976 3853 quibuscunque,
1003 3769 1083 3853 poni
1107 3769 1240 3855 possint,
1265 3776 1362 3855 prout
1386 3769 1447 3855 ipsi
1477 3777 1511 3836 et

464 3877 481 3906 “
502 3876 719 3936 antecessores
742 3870 801 3948 sui,
818 3876 896 3934 ante
911 3871 1148 3936 concessionem
1163 3871 1362 3957 pisedictsm,
1378 3893 1511 3938 consue-

463 3982 480 4008 “
504 3979 624 4038 verunt
636 3999 644 4053 ;
666 3973 717 4037 ita
740 3972 829 4056 quod
849 3971 958 4057 patria
981 3994 1040 4059 per
1059 3973 1296 4037 concessionem
1313 3973 1510 4058 praedictam,

463 4083 481 4111 “
503 4075 539 4139 in
561 4075 707 4162 ipsorum
723 4074 885 4139 Johannis
907 4073 1001 4152 Eure,
1019 4074 1161 4152 Thomae,
1176 4081 1209 4140 et
1224 4075 1387 4140 Johunnis
1406 4075 1509 4140 Beau·
1565 4151 1568 4156 ¹

463 4187 479 4212 “
502 4178 566 4255 fuz,
590 4199 628 4242 uc
650 4176 814 4242 baeredum
840 4177 943 4262 ipsius
958 4176 1107 4255 Walteri,
1127 4177 1264 4255 defectu,
1287 4176 1392 4263 magis
1414 4178 1509 4243 solito

463 4290 479 4315 “
502 4301 568 4344 non
599 4283 762 4358 oneretur,
785 4299 843 4342 seu
872 4284 1035 4366 gravetur.
1081 4279 1127 4343 Et
1150 4278 1401 4364 Inquisitionem
1424 4279 1509 4355 inde,

463 4381 659 4446 “distincte
697 4385 731 4444 et
761 4384 871 4465 aperte
901 4379 1032 4459 fuctum,
1069 4379 1163 4444 nobis
1200 4381 1235 4444 in
1274 4380 1509 4446 Cancellarium

462 4491 480 4518 ‘⁴
503 4489 650 4549 nostram
672 4481 733 4546 sub
757 4481 865 4568 sigillo
892 4486 961 4560 tue,
991 4488 1026 4546 et
1055 4481 1169 4568 sigillis
1199 4505 1311 4548 comm
1340 4505 1399 4569 pcr
1428 4505 1510 4568 quos

464 4586 590 4651 “facta
621 4583 730 4662 fuerit,
768 4585 838 4648 sine
876 4583 1034 4649 dilatione
1072 4584 1193 4662 mittas,
1231 4592 1266 4650 et
1303 4585 1364 4652 hoc
1402 4585 1510 4652 breve.

860 4811 867 4842 ¹
880 4809 968 4861 ulnam
979 4811 1005 4862 in
1017 4811 1073 4862 MS.
