3588 5838
425 881 468 942 42
759 893 957 944 1101111111
979 893 1136 944 sacaria

258 1091 441 1152 A.D.144s.“
464 1092 473 1118 ‘
486 1083 605 1161 randis,
621 1085 670 1148 ita
684 1083 770 1170 quod
793 1083 903 1148 nullus
917 1083 940 1150 J
942 1083 1129 1148 usticiarius
1153 1089 1275 1164 noster,
1290 1085 1361 1150 sive
1384 1083 1408 1150 J
1411 1104 1464 1148 us·

424 1193 441 1220 “
464 1187 606 1252 ‘ticiarii
628 1187 742 1264 nostri,
768 1187 822 1251 vel
850 1187 1017 1253 haeredum
1039 1192 1234 1267 nostrorum,
1265 1189 1308 1254 ad
1339 1187 1467 1274 gaolam

425 1293 443 1323 “
466 1289 581 1354 ‘illam
603 1289 789 1374 aliqualiter
812 1287 1065 1368 deliberandam,
1082 1310 1141 1377 per
1162 1289 1300 1370 nos,ch
1322 1290 1467 1356 heredes

425 1398 444 1427 “
467 1393 685 1473 ί11011101,ᾱο
702 1396 820 1458 caetero
842 1392 1040 1478 assignandi,
1056 1391 1161 1471 villas,
1177 1391 1395 1471 hundredum,
1410 1413 1467 1456 seu

425 1501 442 1531 “
466 1494 685 1572 ‘libertatem
710 1492 880 1581 praedicta,
904 1516 947 1560 ex
976 1494 1036 1560 hac
1066 1515 1170 1573 causa,
1197 1495 1251 1561 vel
1281 1497 1348 1560 alia
1377 1518 1472 1562 causa

424 1606 442 1632 “
464 1607 687 1684 ‘quacunque
706 1596 894 1683 aliqualiter
916 1597 1152 1684 ingrediantur,
1168 1620 1226 1664 seu
1248 1599 1473 1685 ingrediatur3

423 1707 442 1738 “
466 1707 523 1766 ‘et
553 1701 641 1786 quod
671 1699 813 1765 ballivus
845 1699 1021 1765 eorundem
1048 1700 1192 1766 Abbatis
1214 1706 1249 1766 et
1269 1701 1471 1782 Conventus,

424 1811 440 1839 “
464 1810 523 1870 ‘et
541 1824 763 1869 successorum
778 1823 921 1881 suorum,
937 1802 1101 1868 libertatis
1121 1804 1289 1891 praedietae
1309 1826 1368 1890 pro
1388 1809 1472 1868 tem-

421 1913 439 1941 “
464 1913 565 1993 ‘pore
591 1906 744 1986 existens,
769 1904 879 1971 omnia
899 1906 1039 1990 juratas,
1068 1906 1207 1991 pauella,
1228 1906 1469 1992 inquisitiones,
1549 1974 1555 1983 ,

423 2017 441 2045 “
466 2008 741 2088 ‘attachementa
766 2011 801 2072 et
833 2007 1068 2088 intendentias,
1100 2009 1246 2094 praefatis
1271 2008 1471 2074 Justioiariis

421 2119 440 2148 “
463 2119 521 2177 ‘et
544 2111 734 2189 senescallo,
757 2109 812 2174 vel
836 2109 963 2176 duobus
985 2133 1106 2189 eorum,
1130 2118 1170 2176 ut
1192 2113 1388 2197 praedictum
1410 2117 1469 2192 est,

422 2221 440 2248 “
464 2213 511 2278 ‘J
512 2213 689 2278 usticiariis
723 2211 766 2276 ad
798 2213 928 2298 gaolam
961 2213 1055 2277 illam
1090 2213 1336 2279 deliberandam
1367 2215 1468 2300 assig-

423 2323 440 2352 “
465 2317 614 2392 ‘randis
645 2315 686 2380 de
716 2319 864 2401 tempore
893 2315 931 2379 in
959 2320 1098 2402 tempus,
1122 2315 1231 2397 faciat,
1254 2321 1408 2396 retornet,
1437 2321 1471 2382 et

422 2427 439 2452 ‘⁸
463 2425 471 2455 ‘
485 2418 650 2499 intendat,
667 2439 706 2482 ae
721 2422 893 2504 praecepta,
909 2417 1075 2496 mandata,
1091 2427 1267 2496 warranto,
1283 2425 1319 2484 et
1336 2419 1471 2505 judicia,

422 2531 439 2559 “
462 2521 664 2588 ‘eorundem
685 2520 708 2586 J
711 2520 953 2585 usticiariorum
977 2529 1010 2586 et
1041 2520 1227 2602 Senesoalli,
1249 2522 1304 2587 vel
1330 2523 1469 2588 duorum

421 2636 438 2660 “
460 2633 599 2690 ‘eorum
625 2645 684 2710 pro
707 2629 855 2708 tempore
877 2621 1102 2704 existentium,
1124 2630 1165 2690 ut
1191 2626 1387 2711 praedictum
1410 2631 1469 2707 est,

420 2727 587 2793 “1‘faciat
618 2731 653 2792 et
684 2730 868 2812 exequatur
898 2725 936 2789 in
967 2725 1131 2807 omnibus,
1154 2726 1278 2792 eisdem
1308 2728 1405 2794 modo
1436 2733 1470 2793 ct

420 2839 437 2866 “
461 2831 590 2896 ‘forma
615 2833 715 2916 prout
743 2828 864 2914 aliquis
886 2827 1074 2894 Viceeomes
1094 2829 1190 2915 regni
1212 2829 1316 2910 nostri
1336 2831 1468 2917 Angliae

422 2939 440 2968 ‘⁸
464 2932 677 3019 ‘hujusmodi
691 2931 894 2998 Justiciariis
908 2931 952 2995 ad
967 2931 1079 3017 gaolas
1095 2931 1241 3015 ejusdem
1256 2933 1350 3019 regni
1364 2933 1469 2999 nostri

422 3043 439 3073 ‘⁴
463 3034 712 3101 ‘deliberandas
734 3032 940 3120 assignandis
964 3033 1051 3110 facit,
1071 3037 1226 3113 retornet,
1250 3034 1413 3114 intendat,
1435 3041 1470 3100 et

421 3147 438 3176 “
461 3147 469 3173 ‘
485 3143 675 3224 exequatur,
688 3137 806 3222 quovis
817 3135 923 3201 modo.
962 3136 1008 3201 Et
1017 3135 1161 3221 insuper,
1174 3137 1396 3218 concessimus,
1409 3159 1468 3224 pro

420 3247 437 3276 “
462 3241 580 3306 ‘nobis
600 3244 634 3304 et
653 3237 839 3304 haeredibus
862 3237 984 3302 nostris
1006 3239 1181 3323 praedietis,
1198 3239 1321 3304 eisdem
1342 3239 1469 3305 Abbati

420 3351 437 3379 “
460 3348 519 3408 ‘et
549 3338 746 3418 Conventui,
779 3344 814 3404 ct
845 3340 1081 3406 successoribus
1112 3341 1187 3420 suis,
1220 3343 1309 3426 quod
1338 3341 1402 3428 ipsi
1435 3347 1469 3408 ct

420 3453 437 3480 ‘¹
461 3453 681 3511 ‘successores
706 3443 757 3506 sui
781 3443 927 3508 habeant
949 3443 1037 3508 infra
1062 3443 1168 3522 villas,
1190 3444 1409 3524 hundredum,
1433 3450 1468 3511 et

419 3556 437 3584 “
460 3548 683 3626 ‘libertatem
706 3545 872 3630 praediete,
890 3546 1029 3612 10101111
1051 3551 1085 3611 et
1099 3547 1234 3612 assisam
1258 3548 1363 3634 panis,
1385 3549 1466 3627 vini,

418 3657 436 3684 “
461 3649 637 3726 ‘cervisiae
661 3647 726 3713 cibi
752 3651 787 3712 et
816 3647 967 3724 cibasse
994 3648 1142 3712 omnium
1172 3649 1310 3714 aliorum
1341 3650 1468 3715 victua

420 3762 437 3788 ‘¹
460 3752 574 3830 ‘lium,
588 3770 823 3828 mensurarum,
839 3757 873 3815 ct
895 3750 1077 3837 ponderum
1099 3772 1378 3838 quorumcunque,
1392 3772 1466 3818 neo·

419 3862 438 3892 “
461 3863 552 3921 ‘non
574 3853 722 3919 omnium
745 3853 885 3918 eliorum
909 3853 952 3918 ad
968 3852 1110 3918 officium
1128 3853 1247 3920 Clerici
1262 3855 1302 3919 de
1318 3855 1465 3921 Mercato

419 3966 436 3994 “
461 3958 633 4045 ‘Hospitii
643 3957 757 4034 nostri,
769 3957 822 4021 vel
840 3956 1007 4022 haeredum
1020 3961 1217 4036 nostrorum,
1228 3957 1466 4044 pertinentium

419 4070 435 4096 “
457 4063 551 4127 ‘sive
574 4059 803 4146 spectantium,
819 4079 893 4123 cum
917 4058 1147 4144 punitionibus
1162 4063 1197 4123 et
1211 4060 1467 4126 correctionibus

418 4174 435 4202 “
459 4163 669 4242 ‘eorundem
694 4166 729 4226 et
758 4161 914 4247 quicquid
940 4160 1030 4245 quod
1051 4161 1095 4225 ad
1117 4161 1260 4227 officium
1270 4161 1367 4226 illud
1392 4185 1465 4249 per-

418 4277 435 4304 “
458 4267 568 4332 ‘tinet
582 4265 767 4330 faciendum
790 4285 849 4328 seu
869 4262 1095 4345 exercendum,
1111 4263 1263 4349 quotiens
1285 4271 1320 4330 et
1334 4266 1465 4351 quando

416 4377 435 4407 “
458 4369 660 4457 ‘expediens
691 4366 800 4446 fucrit,
828 4368 863 4430 et
894 4385 1045 4447 neeesse3
1067 4387 1195 4432 necnon
1229 4387 1342 4434 omncs
1373 4369 1464 4448 fines,

419 4480 437 4512 “
459 4471 731 4557 ‘redemptiones
755 4473 790 4533 et
812 4468 1073 4550 amerciamenta,
1096 4490 1134 4534 ae
1156 4469 1268 4534 omnia
1295 4471 1361 4536 alia
1389 4491 1465 4556 pro-

417 4584 434 4614 “
456 4575 564 4641 ‘ficus
585 4573 664 4639 inde
694 4571 943 4659 provenientia;
965 4572 1015 4636 ita
1038 4570 1126 4657 quod
1150 4571 1295 4637 Clericus
1326 4573 1465 4639 Mercati

417 4685 433 4714 “
457 4689 464 4714 ‘
481 4677 630 4764 Hospitii
645 4676 758 4755 nostri,
775 4675 829 4740 vel
851 4674 1019 4740 haeredum
1035 4679 1231 4753 nostrorum,
1246 4681 1307 4740 aut
1322 4676 1391 4761 ejus
1408 4675 1464 4742 de·

416 4789 433 4816 ‘⁴
458 4784 618 4867 ‘putatus
642 4799 698 4844 eeu
713 4776 874 4864 deputati,
890 4776 995 4854 villas,
1013 4775 1233 4855 hundredum,
1248 4799 1306 4842 seu
1327 4777 1464 4843 liberta-
