<?xml version="1.0" encoding="UTF-8"?>
<!DOCTYPE html PUBLIC "-//W3C//DTD XHTML 1.0 Transitional//EN"
    "http://www.w3.org/TR/xhtml1/DTD/xhtml1-transitional.dtd">
<html xmlns="http://www.w3.org/1999/xhtml" xml:lang="en" lang="en">
 <head>
  <title>
</title>
<meta http-equiv="Content-Type" content="text/html;charset=utf-8" />
  <meta name='ocr-system' content='tesseract 3.04.00' />
  <meta name='ocr-capabilities' content='ocr_page ocr_carea ocr_par ocr_line ocrx_word'/>
</head>
<body>
  <div class='ocr_page' id='page_1' title='image "./registraquorund00wallgoog_0137.png"; bbox 0 0 3588 5838; ppageno 0'>
   <div class='ocr_carea' id='block_1_1' title="bbox 473 855 1335 935">
    <p class='ocr_par' dir='ltr' id='par_1_1' title="bbox 473 855 1335 935">
     <span class='ocr_line' id='line_1_1' title="bbox 473 855 1335 935; baseline 0.008 -12"><span class='ocrx_word' id='word_1_1' title='bbox 473 855 646 927; x_wconf 71' lang='lat' dir='ltr'><strong>tonsuris</strong></span> <span class='ocrx_word' id='word_1_2' title='bbox 668 874 956 932; x_wconf 72' lang='lat' dir='ltr'><strong>vnumsnsrron</strong></span> <span class='ocrx_word' id='word_1_3' title='bbox 977 878 1154 930; x_wconf 74' lang='lat' dir='ltr'><strong>securos.</strong></span> <span class='ocrx_word' id='word_1_4' title='bbox 1292 863 1335 935; x_wconf 78' lang='grc'><strong>79</strong></span> 
     </span>
    </p>
   </div>
   <div class='ocr_carea' id='block_1_2' title="bbox 289 1068 1497 4646">
    <p class='ocr_par' dir='ltr' id='par_1_2' title="bbox 289 1068 1497 4646">
     <span class='ocr_line' id='line_1_2' title="bbox 291 1068 1497 1156; baseline 0.003 -24"><span class='ocrx_word' id='word_1_5' title='bbox 291 1073 309 1098; x_wconf 90' lang='grc'><strong>“</strong></span> <span class='ocrx_word' id='word_1_6' title='bbox 333 1086 448 1132; x_wconf 87' lang='lat' dir='ltr'><strong>vacare</strong></span> <span class='ocrx_word' id='word_1_7' title='bbox 476 1068 687 1156; x_wconf 81' lang='lat' dir='ltr'><strong>contingeret,</strong></span> <span class='ocrx_word' id='word_1_8' title='bbox 717 1068 877 1134; x_wconf 89' lang='lat' dir='ltr'><strong>haberent</strong></span> <span class='ocrx_word' id='word_1_9' title='bbox 907 1073 942 1134; x_wconf 84' lang='lat' dir='ltr'><strong>et</strong></span> <span class='ocrx_word' id='word_1_10' title='bbox 970 1073 1122 1136; x_wconf 87' lang='lat' dir='ltr'><strong>tenerent</strong></span> <span class='ocrx_word' id='word_1_11' title='bbox 1152 1068 1335 1136; x_wconf 73' lang='lat' dir='ltr'><strong>custodiam</strong></span> <span class='ocrx_word' id='word_1_12' title='bbox 1346 1074 1497 1129; x_wconf 40' lang='lat' dir='ltr'><strong>Auli-1³⁸⁰·</strong></span> 
     </span>
     <span class='ocr_line' id='line_1_3' title="bbox 289 1167 1336 1261; baseline 0.007 -29"><span class='ocrx_word' id='word_1_13' title='bbox 289 1172 308 1202; x_wconf 89' lang='lat'><strong>“</strong></span> <span class='ocrx_word' id='word_1_14' title='bbox 331 1167 508 1236; x_wconf 79' lang='lat' dir='ltr'><strong>Abbathire</strong></span> <span class='ocrx_word' id='word_1_15' title='bbox 525 1172 700 1257; x_wconf 76' lang='lat' dir='ltr'><strong>praedictae,</strong></span> <span class='ocrx_word' id='word_1_16' title='bbox 715 1176 751 1238; x_wconf 89' lang='lat' dir='ltr'><strong>et</strong></span> <span class='ocrx_word' id='word_1_17' title='bbox 765 1170 913 1238; x_wconf 91' lang='lat' dir='ltr'><strong>omnium</strong></span> <span class='ocrx_word' id='word_1_18' title='bbox 935 1173 1166 1260; x_wconf 72' lang='lat' dir='ltr'><strong>temporalium</strong></span> <span class='ocrx_word' id='word_1_19' title='bbox 1181 1173 1336 1261; x_wconf 88' lang='lat' dir='ltr'><strong>ejusdem,</strong></span> 
     </span>
     <span class='ocr_line' id='line_1_4' title="bbox 290 1272 1337 1365; baseline 0.004 -29"><span class='ocrx_word' id='word_1_20' title='bbox 290 1277 308 1304; x_wconf 90' lang='lat'><strong>“</strong></span> <span class='ocrx_word' id='word_1_21' title='bbox 331 1293 406 1336; x_wconf 89' lang='lat' dir='ltr'><strong>cum</strong></span> <span class='ocrx_word' id='word_1_22' title='bbox 424 1272 575 1338; x_wconf 87' lang='lat' dir='ltr'><strong>omnibus</strong></span> <span class='ocrx_word' id='word_1_23' title='bbox 589 1273 687 1340; x_wconf 90' lang='lat' dir='ltr'><strong>rebus</strong></span> <span class='ocrx_word' id='word_1_24' title='bbox 702 1276 737 1339; x_wconf 92' lang='lat' dir='ltr'><strong>et</strong></span> <span class='ocrx_word' id='word_1_25' title='bbox 750 1273 847 1339; x_wconf 91' lang='lat' dir='ltr'><strong>bonis</strong></span> <span class='ocrx_word' id='word_1_26' title='bbox 867 1274 912 1340; x_wconf 87' lang='lat' dir='ltr'><strong>ad</strong></span> <span class='ocrx_word' id='word_1_27' title='bbox 926 1273 1129 1341; x_wconf 84' lang='lat' dir='ltr'><strong>Abbatbiam</strong></span> <span class='ocrx_word' id='word_1_28' title='bbox 1150 1275 1242 1342; x_wconf 83' lang='lat' dir='ltr'><strong>illam</strong></span> <span class='ocrx_word' id='word_1_29' title='bbox 1257 1297 1337 1365; x_wconf 89' lang='lat' dir='ltr'><strong>qua-</strong></span> 
     </span>
     <span class='ocr_line' id='line_1_5' title="bbox 290 1373 1339 1467; baseline 0.006 -29"><span class='ocrx_word' id='word_1_30' title='bbox 290 1381 309 1407; x_wconf 90' lang='lat'><strong><em>“</em></strong></span> <span class='ocrx_word' id='word_1_31' title='bbox 331 1373 536 1463; x_wconf 89' lang='lat' dir='ltr'><strong>litercunque</strong></span> <span class='ocrx_word' id='word_1_32' title='bbox 560 1376 794 1464; x_wconf 87' lang='lat' dir='ltr'><strong>spectantibus,</strong></span> <span class='ocrx_word' id='word_1_33' title='bbox 817 1376 900 1442; x_wconf 87' lang='lat' dir='ltr'><strong>adeo</strong></span> <span class='ocrx_word' id='word_1_34' title='bbox 921 1377 1016 1464; x_wconf 90' lang='lat' dir='ltr'><strong>plene</strong></span> <span class='ocrx_word' id='word_1_35' title='bbox 1038 1384 1074 1446; x_wconf 93' lang='lat' dir='ltr'><strong>et</strong></span> <span class='ocrx_word' id='word_1_36' title='bbox 1095 1378 1223 1467; x_wconf 85' lang='lat' dir='ltr'><strong>integre</strong></span> <span class='ocrx_word' id='word_1_37' title='bbox 1252 1379 1339 1445; x_wconf 90' lang='lat' dir='ltr'><strong>sicut</strong></span> 
     </span>
     <span class='ocr_line' id='line_1_6' title="bbox 292 1476 1338 1564; baseline 0.004 -22"><span class='ocrx_word' id='word_1_38' title='bbox 292 1484 310 1510; x_wconf 91' lang='lat'><em>“</em></span> <span class='ocrx_word' id='word_1_39' title='bbox 332 1476 451 1562; x_wconf 83' lang='lat' dir='ltr'><strong>aliquis</strong></span> <span class='ocrx_word' id='word_1_40' title='bbox 473 1477 588 1544; x_wconf 84' lang='lat' dir='ltr'><strong>Abbas</strong></span> <span class='ocrx_word' id='word_1_41' title='bbox 611 1477 757 1564; x_wconf 89' lang='lat' dir='ltr'><strong>ejusdem</strong></span> <span class='ocrx_word' id='word_1_42' title='bbox 778 1478 841 1545; x_wconf 90' lang='lat' dir='ltr'><strong>loci</strong></span> <span class='ocrx_word' id='word_1_43' title='bbox 862 1478 1067 1546; x_wconf 85' lang='lat' dir='ltr'><strong>Abbathiam</strong></span> <span class='ocrx_word' id='word_1_44' title='bbox 1089 1479 1190 1562; x_wconf 88' lang='lat' dir='ltr'><strong>illam,</strong></span> <span class='ocrx_word' id='word_1_45' title='bbox 1206 1485 1241 1548; x_wconf 88' lang='lat' dir='ltr'><strong>et</strong></span> <span class='ocrx_word' id='word_1_46' title='bbox 1254 1485 1338 1546; x_wconf 87' lang='lat' dir='ltr'><strong>tern-</strong></span> 
     </span>
     <span class='ocr_line' id='line_1_7' title="bbox 292 1579 1340 1667; baseline 0.005 -23"><span class='ocrx_word' id='word_1_47' title='bbox 292 1583 313 1612; x_wconf 87' lang='lat'><strong>“</strong></span> <span class='ocrx_word' id='word_1_48' title='bbox 333 1579 466 1666; x_wconf 85' lang='lat' dir='ltr'><strong>poralia,</strong></span> <span class='ocrx_word' id='word_1_49' title='bbox 489 1601 565 1646; x_wconf 87' lang='lat' dir='ltr'><strong>curn</strong></span> <span class='ocrx_word' id='word_1_50' title='bbox 587 1580 685 1647; x_wconf 87' lang='lat' dir='ltr'><strong>robus</strong></span> <span class='ocrx_word' id='word_1_51' title='bbox 708 1585 743 1647; x_wconf 92' lang='lat' dir='ltr'><strong>et</strong></span> <span class='ocrx_word' id='word_1_52' title='bbox 764 1580 859 1647; x_wconf 86' lang='lat' dir='ltr'><strong>bonis</strong></span> <span class='ocrx_word' id='word_1_53' title='bbox 885 1581 1063 1667; x_wconf 79' lang='lat' dir='ltr'><strong>praedictis,</strong></span> <span class='ocrx_word' id='word_1_54' title='bbox 1085 1583 1261 1649; x_wconf 68' lang='lat' dir='ltr'><strong>transactis</strong></span> <span class='ocrx_word' id='word_1_55' title='bbox 1283 1604 1340 1648; x_wconf 85' lang='lat' dir='ltr'><strong>an·</strong></span> 
     </span>
     <span class='ocr_line' id='line_1_8' title="bbox 292 1675 1341 1772; baseline 0.004 -25"><span class='ocrx_word' id='word_1_56' title='bbox 292 1686 311 1714; x_wconf 88' lang='lat'>“</span> <span class='ocrx_word' id='word_1_57' title='bbox 334 1685 389 1746; x_wconf 89' lang='lat' dir='ltr'><strong>tea</strong></span> <span class='ocrx_word' id='word_1_58' title='bbox 409 1683 622 1770; x_wconf 79' lang='lat' dir='ltr'><strong>temporibus,</strong></span> <span class='ocrx_word' id='word_1_59' title='bbox 636 1682 756 1748; x_wconf 90' lang='lat' dir='ltr'><strong>habere</strong></span> <span class='ocrx_word' id='word_1_60' title='bbox 777 1687 813 1748; x_wconf 92' lang='lat' dir='ltr'><strong>et</strong></span> <span class='ocrx_word' id='word_1_61' title='bbox 834 1687 946 1750; x_wconf 86' lang='lat' dir='ltr'><strong>tenere</strong></span> <span class='ocrx_word' id='word_1_62' title='bbox 968 1675 1159 1750; x_wconf 83' lang='lat' dir='ltr'><strong>consuevit:</strong></span> <span class='ocrx_word' id='word_1_63' title='bbox 1181 1686 1231 1751; x_wconf 89' lang='lat' dir='ltr'><strong>ita</strong></span> <span class='ocrx_word' id='word_1_64' title='bbox 1253 1683 1341 1772; x_wconf 86' lang='lat' dir='ltr'><strong>quod</strong></span> 
     </span>
     <span class='ocr_line' id='line_1_9' title="bbox 293 1785 1341 1876; baseline 0.005 -27"><span class='ocrx_word' id='word_1_65' title='bbox 293 1785 398 1871; x_wconf 88' lang='lat' dir='ltr'><strong>“ipsi</strong></span> <span class='ocrx_word' id='word_1_66' title='bbox 421 1785 517 1852; x_wconf 84' lang='lat' dir='ltr'><strong>Prior</strong></span> <span class='ocrx_word' id='word_1_67' title='bbox 548 1790 583 1852; x_wconf 90' lang='lat' dir='ltr'><strong>et</strong></span> <span class='ocrx_word' id='word_1_68' title='bbox 617 1785 811 1853; x_wconf 80' lang='lat' dir='ltr'><strong>Conventus</strong></span> <span class='ocrx_word' id='word_1_69' title='bbox 845 1786 886 1852; x_wconf 92' lang='lat' dir='ltr'><strong>de</strong></span> <span class='ocrx_word' id='word_1_70' title='bbox 919 1786 1157 1876; x_wconf 83' lang='lat' dir='ltr'><strong>temporalibus</strong></span> <span class='ocrx_word' id='word_1_71' title='bbox 1178 1787 1273 1853; x_wconf 89' lang='lat' dir='ltr'><strong>bonis</strong></span> <span class='ocrx_word' id='word_1_72' title='bbox 1303 1807 1341 1854; x_wconf 85' lang='lat' dir='ltr'><strong>ac</strong></span> 
     </span>
     <span class='ocr_line' id='line_1_10' title="bbox 294 1885 1341 1974; baseline 0.003 -22"><span class='ocrx_word' id='word_1_73' title='bbox 294 1894 312 1922; x_wconf 80' lang='lat'><strong>‘⁶</strong></span> <span class='ocrx_word' id='word_1_74' title='bbox 334 1888 430 1953; x_wconf 87' lang='lat' dir='ltr'><strong>rebus</strong></span> <span class='ocrx_word' id='word_1_75' title='bbox 450 1888 517 1953; x_wconf 89' lang='lat' dir='ltr'><strong>illis</strong></span> <span class='ocrx_word' id='word_1_76' title='bbox 537 1887 669 1974; x_wconf 89' lang='lat' dir='ltr'><strong>plenam</strong></span> <span class='ocrx_word' id='word_1_77' title='bbox 692 1893 727 1955; x_wconf 89' lang='lat' dir='ltr'><strong>et</strong></span> <span class='ocrx_word' id='word_1_78' title='bbox 748 1887 886 1954; x_wconf 79' lang='lat' dir='ltr'><strong>liberam</strong></span> <span class='ocrx_word' id='word_1_79' title='bbox 907 1885 1253 1956; x_wconf 81' lang='lat' dir='ltr'><strong>1administrationem</strong></span> <span class='ocrx_word' id='word_1_80' title='bbox 1283 1887 1341 1955; x_wconf 81' lang='lat' dir='ltr'><strong>ha·</strong></span> 
     </span>
     <span class='ocr_line' id='line_1_11' title="bbox 295 1989 1342 2078; baseline 0.002 -24"><span class='ocrx_word' id='word_1_81' title='bbox 295 1995 316 2025; x_wconf 90' lang='lat'><strong><em>“</em></strong></span> <span class='ocrx_word' id='word_1_82' title='bbox 337 1989 463 2069; x_wconf 75' lang='lat' dir='ltr'><strong>beraut,</strong></span> <span class='ocrx_word' id='word_1_83' title='bbox 485 1995 521 2057; x_wconf 92' lang='lat' dir='ltr'><strong>et</strong></span> <span class='ocrx_word' id='word_1_84' title='bbox 540 1989 619 2055; x_wconf 91' lang='lat' dir='ltr'><strong>inde</strong></span> <span class='ocrx_word' id='word_1_85' title='bbox 640 1990 813 2078; x_wconf 86' lang='lat' dir='ltr'><strong>disponere</strong></span> <span class='ocrx_word' id='word_1_86' title='bbox 842 1994 878 2057; x_wconf 91' lang='lat' dir='ltr'><strong>et</strong></span> <span class='ocrx_word' id='word_1_87' title='bbox 907 1991 1058 2057; x_wconf 77' lang='lat' dir='ltr'><strong>ordinum</strong></span> <span class='ocrx_word' id='word_1_88' title='bbox 1079 1996 1222 2078; x_wconf 88' lang='lat' dir='ltr'><strong>possent,</strong></span> <span class='ocrx_word' id='word_1_89' title='bbox 1242 1996 1342 2078; x_wconf 90' lang='lat' dir='ltr'><strong>prout</strong></span> 
     </span>
     <span class='ocr_line' id='line_1_12' title="bbox 294 2091 1342 2181; baseline 0.003 -23"><span class='ocrx_word' id='word_1_90' title='bbox 294 2092 384 2158; x_wconf 90' lang='lat' dir='ltr'><strong>“eis</strong></span> <span class='ocrx_word' id='word_1_91' title='bbox 416 2092 535 2159; x_wconf 88' lang='lat' dir='ltr'><strong>melius</strong></span> <span class='ocrx_word' id='word_1_92' title='bbox 568 2098 603 2159; x_wconf 92' lang='lat' dir='ltr'><strong>et</strong></span> <span class='ocrx_word' id='word_1_93' title='bbox 635 2093 754 2158; x_wconf 88' lang='lat' dir='ltr'><strong>utilius</strong></span> <span class='ocrx_word' id='word_1_94' title='bbox 775 2092 945 2159; x_wconf 90' lang='lat' dir='ltr'><strong>videretur</strong></span> <span class='ocrx_word' id='word_1_95' title='bbox 966 2091 1161 2174; x_wconf 71' lang='lat' dir='ltr'><strong>feriendum,</strong></span> <span class='ocrx_word' id='word_1_96' title='bbox 1183 2098 1218 2160; x_wconf 82' lang='lat' dir='ltr'><strong>et</strong></span> <span class='ocrx_word' id='word_1_97' title='bbox 1244 2098 1342 2181; x_wconf 90' lang='lat' dir='ltr'><strong>prout</strong></span> 
     </span>
     <span class='ocr_line' id='line_1_13' title="bbox 296 2194 1342 2284; baseline 0.003 -25"><span class='ocrx_word' id='word_1_98' title='bbox 296 2201 316 2231; x_wconf 89' lang='lat'><strong>“</strong></span> <span class='ocrx_word' id='word_1_99' title='bbox 337 2194 451 2260; x_wconf 82' lang='lat' dir='ltr'><strong>Abbas</strong></span> <span class='ocrx_word' id='word_1_100' title='bbox 473 2194 555 2261; x_wconf 88' lang='lat' dir='ltr'><strong>dicti</strong></span> <span class='ocrx_word' id='word_1_101' title='bbox 588 2194 652 2262; x_wconf 92' lang='lat' dir='ltr'><strong>loci</strong></span> <span class='ocrx_word' id='word_1_102' title='bbox 684 2195 763 2261; x_wconf 89' lang='lat' dir='ltr'><strong>inde</strong></span> <span class='ocrx_word' id='word_1_103' title='bbox 796 2198 908 2282; x_wconf 83' lang='lat' dir='ltr'><strong>poseat</strong></span> <span class='ocrx_word' id='word_1_104' title='bbox 930 2195 1081 2263; x_wconf 87' lang='lat' dir='ltr'><strong>ordinare</strong></span> <span class='ocrx_word' id='word_1_105' title='bbox 1102 2201 1137 2262; x_wconf 91' lang='lat' dir='ltr'><strong>et</strong></span> <span class='ocrx_word' id='word_1_106' title='bbox 1160 2196 1342 2284; x_wconf 82' lang='lat' dir='ltr'><strong>disponere,</strong></span> 
     </span>
     <span class='ocr_line' id='line_1_14' title="bbox 294 2293 1342 2384; baseline 0.003 -21"><span class='ocrx_word' id='word_1_107' title='bbox 294 2301 313 2332; x_wconf 89' lang='lat'><strong>“</strong></span> <span class='ocrx_word' id='word_1_108' title='bbox 335 2297 412 2364; x_wconf 87' lang='lat' dir='ltr'><strong>sede</strong></span> <span class='ocrx_word' id='word_1_109' title='bbox 432 2298 537 2384; x_wconf 83' lang='lat' dir='ltr'><strong>plena</strong></span> <span class='ocrx_word' id='word_1_110' title='bbox 583 2297 694 2364; x_wconf 86' lang='lat' dir='ltr'><strong>Salvis</strong></span> <span class='ocrx_word' id='word_1_111' title='bbox 716 2293 929 2364; x_wconf 78' lang='lat' dir='ltr'><strong>etiam‘dicto</strong></span> <span class='ocrx_word' id='word_1_112' title='bbox 951 2297 1058 2365; x_wconf 82' lang='lat' dir='ltr'><strong>abavo</strong></span> <span class='ocrx_word' id='word_1_113' title='bbox 1080 2303 1202 2380; x_wconf 89' lang='lat' dir='ltr'><strong>nostro,</strong></span> <span class='ocrx_word' id='word_1_114' title='bbox 1218 2304 1254 2365; x_wconf 90' lang='lat' dir='ltr'><strong>et</strong></span> <span class='ocrx_word' id='word_1_115' title='bbox 1275 2299 1342 2366; x_wconf 80' lang='lat' dir='ltr'><strong>bae·</strong></span> 
     </span>
     <span class='ocr_line' id='line_1_15' title="bbox 294 2399 1343 2490; baseline 0.005 -25"><span class='ocrx_word' id='word_1_116' title='bbox 294 2404 314 2435; x_wconf 85' lang='lat'>“</span> <span class='ocrx_word' id='word_1_117' title='bbox 334 2399 468 2466; x_wconf 87' lang='lat' dir='ltr'><strong>redibus</strong></span> <span class='ocrx_word' id='word_1_118' title='bbox 490 2401 567 2480; x_wconf 83' lang='lat' dir='ltr'><strong>snio,</strong></span> <span class='ocrx_word' id='word_1_119' title='bbox 588 2400 692 2468; x_wconf 85' lang='lat' dir='ltr'><strong>feodis</strong></span> <span class='ocrx_word' id='word_1_120' title='bbox 714 2399 861 2468; x_wconf 88' lang='lat' dir='ltr'><strong>militum</strong></span> <span class='ocrx_word' id='word_1_121' title='bbox 883 2402 986 2468; x_wconf 84' lang='lat' dir='ltr'><strong>tentis</strong></span> <span class='ocrx_word' id='word_1_122' title='bbox 1009 2401 1049 2468; x_wconf 87' lang='lat' dir='ltr'><strong>de</strong></span> <span class='ocrx_word' id='word_1_123' title='bbox 1064 2402 1237 2469; x_wconf 85' lang='lat' dir='ltr'><strong>Abbatbia</strong></span> <span class='ocrx_word' id='word_1_124' title='bbox 1258 2423 1343 2490; x_wconf 84' lang='lat' dir='ltr'><strong>prae·</strong></span> 
     </span>
     <span class='ocr_line' id='line_1_16' title="bbox 295 2502 1343 2583; baseline 0.004 -15"><span class='ocrx_word' id='word_1_125' title='bbox 295 2508 315 2538; x_wconf 92' lang='lat'>“</span> <span class='ocrx_word' id='word_1_126' title='bbox 338 2502 435 2582; x_wconf 88' lang='lat' dir='ltr'><strong>dicta,</strong></span> <span class='ocrx_word' id='word_1_127' title='bbox 458 2508 492 2570; x_wconf 92' lang='lat' dir='ltr'><strong>et</strong></span> <span class='ocrx_word' id='word_1_128' title='bbox 515 2502 788 2571; x_wconf 80' lang='lat' dir='ltr'><strong>advocationibus</strong></span> <span class='ocrx_word' id='word_1_129' title='bbox 819 2503 1038 2583; x_wconf 85' lang='lat' dir='ltr'><strong>ecelesiarum,</strong></span> <span class='ocrx_word' id='word_1_130' title='bbox 1060 2527 1135 2571; x_wconf 88' lang='lat' dir='ltr'><strong>cum</strong></span> <span class='ocrx_word' id='word_1_131' title='bbox 1156 2504 1343 2572; x_wconf 87' lang='lat' dir='ltr'><strong>acciderent</strong></span> 
     </span>
     <span class='ocr_line' id='line_1_17' title="bbox 297 2605 1343 2695; baseline 0.002 -23"><span class='ocrx_word' id='word_1_132' title='bbox 297 2609 317 2642; x_wconf 79' lang='lat'><strong>‘¹</strong></span> <span class='ocrx_word' id='word_1_133' title='bbox 338 2605 544 2693; x_wconf 85' lang='lat' dir='ltr'><strong>temporibus</strong></span> <span class='ocrx_word' id='word_1_134' title='bbox 554 2605 767 2673; x_wconf 85' lang='lat' dir='ltr'><strong>vacationum</strong></span> <span class='ocrx_word' id='word_1_135' title='bbox 781 2606 1035 2693; x_wconf 80' lang='lat' dir='ltr'><strong>praedictarum:</strong></span> <span class='ocrx_word' id='word_1_136' title='bbox 1058 2607 1109 2674; x_wconf 87' lang='lat' dir='ltr'><strong>ita</strong></span> <span class='ocrx_word' id='word_1_137' title='bbox 1122 2611 1244 2688; x_wconf 88' lang='lat' dir='ltr'><strong>tamen,</strong></span> <span class='ocrx_word' id='word_1_138' title='bbox 1253 2606 1343 2695; x_wconf 89' lang='lat' dir='ltr'><strong>quod</strong></span> 
     </span>
     <span class='ocr_line' id='line_1_18' title="bbox 297 2708 1343 2797; baseline 0.003 -24"><span class='ocrx_word' id='word_1_139' title='bbox 297 2714 318 2744; x_wconf 90' lang='lat'>“</span> <span class='ocrx_word' id='word_1_140' title='bbox 339 2729 451 2774; x_wconf 88' lang='lat' dir='ltr'><strong>omnes</strong></span> <span class='ocrx_word' id='word_1_141' title='bbox 472 2708 623 2776; x_wconf 83' lang='lat' dir='ltr'><strong>redditus</strong></span> <span class='ocrx_word' id='word_1_142' title='bbox 644 2714 680 2776; x_wconf 92' lang='lat' dir='ltr'><strong>et</strong></span> <span class='ocrx_word' id='word_1_143' title='bbox 695 2709 831 2775; x_wconf 86' lang='lat' dir='ltr'><strong>servitia</strong></span> <span class='ocrx_word' id='word_1_144' title='bbox 853 2731 964 2775; x_wconf 88' lang='lat' dir='ltr'><strong>annua</strong></span> <span class='ocrx_word' id='word_1_145' title='bbox 985 2709 1027 2776; x_wconf 93' lang='lat' dir='ltr'><strong>de</strong></span> <span class='ocrx_word' id='word_1_146' title='bbox 1048 2709 1152 2776; x_wconf 88' lang='lat' dir='ltr'><strong>feodis</strong></span> <span class='ocrx_word' id='word_1_147' title='bbox 1165 2710 1343 2797; x_wconf 68' lang='lat' dir='ltr'><strong>praedictis,</strong></span> 
     </span>
     <span class='ocr_line' id='line_1_19' title="bbox 298 2809 1344 2898; baseline 0.001 -22"><span class='ocrx_word' id='word_1_148' title='bbox 298 2817 317 2846; x_wconf 88' lang='lat'>“</span> <span class='ocrx_word' id='word_1_149' title='bbox 337 2810 375 2876; x_wconf 93' lang='lat' dir='ltr'><strong>in</strong></span> <span class='ocrx_word' id='word_1_150' title='bbox 395 2810 625 2878; x_wconf 85' lang='lat' dir='ltr'><strong>vacationibus</strong></span> <span class='ocrx_word' id='word_1_151' title='bbox 646 2811 722 2892; x_wconf 92' lang='lat' dir='ltr'><strong>illis,</strong></span> <span class='ocrx_word' id='word_1_152' title='bbox 744 2810 983 2898; x_wconf 85' lang='lat' dir='ltr'><strong>provenientia,</strong></span> <span class='ocrx_word' id='word_1_153' title='bbox 1006 2817 1215 2878; x_wconf 86' lang='lat' dir='ltr'><strong>remanerent</strong></span> <span class='ocrx_word' id='word_1_154' title='bbox 1236 2809 1344 2879; x_wconf 90' lang='lat' dir='ltr'><strong>Priori</strong></span> 
     </span>
     <span class='ocr_line' id='line_1_20' title="bbox 296 2912 1343 3000; baseline 0.001 -20"><span class='ocrx_word' id='word_1_155' title='bbox 296 2920 372 2980; x_wconf 91' lang='lat' dir='ltr'><strong>“et</strong></span> <span class='ocrx_word' id='word_1_156' title='bbox 403 2913 593 2981; x_wconf 68' lang='lat' dir='ltr'><strong>conventui</strong></span> <span class='ocrx_word' id='word_1_157' title='bbox 626 2913 802 3000; x_wconf 71' lang='lat' dir='ltr'><strong>praedictis</strong></span> <span class='ocrx_word' id='word_1_158' title='bbox 847 2912 955 2979; x_wconf 83' lang='lat' dir='ltr'><strong>Salvis</strong></span> <span class='ocrx_word' id='word_1_159' title='bbox 987 2913 1087 2979; x_wconf 90' lang='lat' dir='ltr'><strong>etiam</strong></span> <span class='ocrx_word' id='word_1_160' title='bbox 1117 2913 1207 2980; x_wconf 92' lang='lat' dir='ltr'><strong>dicto</strong></span> <span class='ocrx_word' id='word_1_161' title='bbox 1236 2914 1343 2981; x_wconf 86' lang='lat' dir='ltr'><strong>abavo</strong></span> 
     </span>
     <span class='ocr_line' id='line_1_21' title="bbox 304 3015 1345 3102; baseline 0.002 -21"><span class='ocrx_word' id='word_1_162' title='bbox 304 3023 322 3050; x_wconf 88' lang='lat'>“</span> <span class='ocrx_word' id='word_1_163' title='bbox 343 3021 513 3096; x_wconf 71' lang='lat' dir='ltr'><strong>nostrast</strong></span> <span class='ocrx_word' id='word_1_164' title='bbox 534 3015 719 3083; x_wconf 69' lang='lat' dir='ltr'><strong>haeredibus</strong></span> <span class='ocrx_word' id='word_1_165' title='bbox 741 3015 816 3096; x_wconf 88' lang='lat' dir='ltr'><strong>suis,</strong></span> <span class='ocrx_word' id='word_1_166' title='bbox 840 3016 975 3082; x_wconf 79' lang='lat' dir='ltr'><strong>esoaatis</strong></span> <span class='ocrx_word' id='word_1_167' title='bbox 996 3036 1077 3102; x_wconf 85' lang='lat' dir='ltr'><strong>quas</strong></span> <span class='ocrx_word' id='word_1_168' title='bbox 1099 3016 1243 3083; x_wconf 79' lang='lat' dir='ltr'><strong>occidam</strong></span> <span class='ocrx_word' id='word_1_169' title='bbox 1267 3038 1345 3083; x_wconf 89' lang='lat' dir='ltr'><strong>con·</strong></span> 
     </span>
     <span class='ocr_line' id='line_1_22' title="bbox 297 3117 1339 3207; baseline 0.002 -23"><span class='ocrx_word' id='word_1_170' title='bbox 297 3123 319 3154; x_wconf 88' lang='lat'><strong><em>“</em></strong></span> <span class='ocrx_word' id='word_1_171' title='bbox 339 3119 486 3207; x_wconf 79' lang='lat' dir='ltr'><strong>tingeret</strong></span> <span class='ocrx_word' id='word_1_172' title='bbox 502 3119 705 3206; x_wconf 82' lang='lat' dir='ltr'><strong>temporibus</strong></span> <span class='ocrx_word' id='word_1_173' title='bbox 724 3117 910 3205; x_wconf 84' lang='lat' dir='ltr'><strong>praedietis:</strong></span> <span class='ocrx_word' id='word_1_174' title='bbox 939 3139 1012 3204; x_wconf 81' lang='lat' dir='ltr'><strong>quae</strong></span> <span class='ocrx_word' id='word_1_175' title='bbox 1038 3118 1171 3205; x_wconf 90' lang='lat' dir='ltr'><strong>quidem</strong></span> <span class='ocrx_word' id='word_1_176' title='bbox 1195 3126 1339 3200; x_wconf 83' lang='lat' dir='ltr'><strong>esoaetae,</strong></span> 
     </span>
     <span class='ocr_line' id='line_1_23' title="bbox 297 3219 1344 3309; baseline -0.001 -21"><span class='ocrx_word' id='word_1_177' title='bbox 297 3226 317 3256; x_wconf 88' lang='lat'>“</span> <span class='ocrx_word' id='word_1_178' title='bbox 338 3222 477 3309; x_wconf 84' lang='lat' dir='ltr'><strong>singulis</strong></span> <span class='ocrx_word' id='word_1_179' title='bbox 498 3221 687 3308; x_wconf 87' lang='lat' dir='ltr'><strong>hujusmodi</strong></span> <span class='ocrx_word' id='word_1_180' title='bbox 701 3219 930 3288; x_wconf 84' lang='lat' dir='ltr'><strong>vacationibus</strong></span> <span class='ocrx_word' id='word_1_181' title='bbox 952 3220 1066 3303; x_wconf 87' lang='lat' dir='ltr'><strong>finitis,</strong></span> <span class='ocrx_word' id='word_1_182' title='bbox 1089 3219 1252 3303; x_wconf 86' lang='lat' dir='ltr'><strong>videlicet,</strong></span> <span class='ocrx_word' id='word_1_183' title='bbox 1268 3226 1344 3309; x_wconf 90' lang='lat' dir='ltr'><strong>post</strong></span> 
     </span>
     <span class='ocr_line' id='line_1_24' title="bbox 299 3322 1344 3410; baseline 0 -20"><span class='ocrx_word' id='word_1_184' title='bbox 299 3331 316 3358; x_wconf 91' lang='lat'>“</span> <span class='ocrx_word' id='word_1_185' title='bbox 337 3325 533 3390; x_wconf 88' lang='lat' dir='ltr'><strong>fidelitatem</strong></span> <span class='ocrx_word' id='word_1_186' title='bbox 553 3324 658 3410; x_wconf 91' lang='lat' dir='ltr'><strong>ipsius</strong></span> <span class='ocrx_word' id='word_1_187' title='bbox 688 3345 785 3410; x_wconf 90' lang='lat' dir='ltr'><strong>quem</strong></span> <span class='ocrx_word' id='word_1_188' title='bbox 814 3322 938 3389; x_wconf 88' lang='lat' dir='ltr'><strong>ibidem</strong></span> <span class='ocrx_word' id='word_1_189' title='bbox 960 3323 1047 3410; x_wconf 83' lang='lat' dir='ltr'><strong>eligi,</strong></span> <span class='ocrx_word' id='word_1_190' title='bbox 1070 3323 1264 3406; x_wconf 86' lang='lat' dir='ltr'><strong>confirmari,</strong></span> <span class='ocrx_word' id='word_1_191' title='bbox 1287 3345 1344 3390; x_wconf 87' lang='lat' dir='ltr'><strong>seu</strong></span> 
     </span>
     <span class='ocr_line' id='line_1_25' title="bbox 297 3425 1343 3515; baseline 0.001 -22"><span class='ocrx_word' id='word_1_192' title='bbox 297 3435 317 3462; x_wconf 91' lang='lat'><em>“</em></span> <span class='ocrx_word' id='word_1_193' title='bbox 337 3427 471 3515; x_wconf 75' lang='lat' dir='ltr'><strong>praefici,</strong></span> <span class='ocrx_word' id='word_1_194' title='bbox 494 3427 700 3514; x_wconf 85' lang='lat' dir='ltr'><strong>contingeret</strong></span> <span class='ocrx_word' id='word_1_195' title='bbox 720 3427 757 3491; x_wconf 94' lang='lat' dir='ltr'><strong>in</strong></span> <span class='ocrx_word' id='word_1_196' title='bbox 780 3425 956 3509; x_wconf 86' lang='lat' dir='ltr'><strong>Abbatem,</strong></span> <span class='ocrx_word' id='word_1_197' title='bbox 978 3425 1068 3492; x_wconf 87' lang='lat' dir='ltr'><strong>dioto</strong></span> <span class='ocrx_word' id='word_1_198' title='bbox 1090 3425 1196 3494; x_wconf 88' lang='lat' dir='ltr'><strong>abavo</strong></span> <span class='ocrx_word' id='word_1_199' title='bbox 1221 3431 1343 3510; x_wconf 88' lang='lat' dir='ltr'><strong>nostro,</strong></span> 
     </span>
     <span class='ocr_line' id='line_1_26' title="bbox 297 3527 1344 3613; baseline 0.002 -18"><span class='ocrx_word' id='word_1_200' title='bbox 297 3536 316 3564; x_wconf 81' lang='lat'><strong>‘¹</strong></span> <span class='ocrx_word' id='word_1_201' title='bbox 337 3530 392 3596; x_wconf 86' lang='lat' dir='ltr'><strong>vel</strong></span> <span class='ocrx_word' id='word_1_202' title='bbox 406 3529 592 3596; x_wconf 74' lang='lat' dir='ltr'><strong>haeredibus</strong></span> <span class='ocrx_word' id='word_1_203' title='bbox 607 3529 684 3607; x_wconf 87' lang='lat' dir='ltr'><strong>suis,</strong></span> <span class='ocrx_word' id='word_1_204' title='bbox 695 3528 826 3610; x_wconf 83' lang='lat' dir='ltr'><strong>fartam,</strong></span> <span class='ocrx_word' id='word_1_205' title='bbox 838 3527 1066 3606; x_wconf 87' lang='lat' dir='ltr'><strong>liberarentur,</strong></span> <span class='ocrx_word' id='word_1_206' title='bbox 1080 3531 1115 3594; x_wconf 89' lang='lat' dir='ltr'><strong>et</strong></span> <span class='ocrx_word' id='word_1_207' title='bbox 1129 3534 1344 3613; x_wconf 86' lang='lat' dir='ltr'><strong>remanerent,</strong></span> 
     </span>
     <span class='ocr_line' id='line_1_27' title="bbox 298 3630 1345 3715; baseline 0.002 -18"><span class='ocrx_word' id='word_1_208' title='bbox 298 3637 318 3668; x_wconf 91' lang='lat'><strong>“</strong></span> <span class='ocrx_word' id='word_1_209' title='bbox 340 3631 476 3714; x_wconf 79' lang='lat' dir='ltr'><strong>Abbati,</strong></span> <span class='ocrx_word' id='word_1_210' title='bbox 498 3631 615 3714; x_wconf 87' lang='lat' dir='ltr'><strong>Priori,</strong></span> <span class='ocrx_word' id='word_1_211' title='bbox 639 3637 673 3698; x_wconf 92' lang='lat' dir='ltr'><strong>et</strong></span> <span class='ocrx_word' id='word_1_212' title='bbox 704 3630 901 3712; x_wconf 84' lang='lat' dir='ltr'><strong>Oonventni,</strong></span> <span class='ocrx_word' id='word_1_213' title='bbox 933 3636 967 3698; x_wconf 90' lang='lat' dir='ltr'><strong>et</strong></span> <span class='ocrx_word' id='word_1_214' title='bbox 999 3630 1237 3698; x_wconf 85' lang='lat' dir='ltr'><strong>successoribus</strong></span> <span class='ocrx_word' id='word_1_215' title='bbox 1268 3633 1345 3715; x_wconf 86' lang='lat' dir='ltr'><strong>suis,</strong></span> 
     </span>
     <span class='ocr_line' id='line_1_28' title="bbox 299 3732 1345 3820; baseline 0.001 -18"><span class='ocrx_word' id='word_1_216' title='bbox 299 3739 318 3771; x_wconf 88' lang='lat'>“</span> <span class='ocrx_word' id='word_1_217' title='bbox 340 3733 422 3802; x_wconf 86' lang='lat' dir='ltr'><strong>dicti</strong></span> <span class='ocrx_word' id='word_1_218' title='bbox 443 3736 514 3815; x_wconf 91' lang='lat' dir='ltr'><strong>loci,</strong></span> <span class='ocrx_word' id='word_1_219' title='bbox 539 3735 609 3802; x_wconf 91' lang='lat' dir='ltr'><strong>sine</strong></span> <span class='ocrx_word' id='word_1_220' title='bbox 631 3733 798 3800; x_wconf 87' lang='lat' dir='ltr'><strong>occasione</strong></span> <span class='ocrx_word' id='word_1_221' title='bbox 820 3733 876 3799; x_wconf 87' lang='lat' dir='ltr'><strong>vel</strong></span> <span class='ocrx_word' id='word_1_222' title='bbox 898 3732 1135 3820; x_wconf 88' lang='lat' dir='ltr'><strong>impedimento</strong></span> <span class='ocrx_word' id='word_1_223' title='bbox 1150 3733 1231 3800; x_wconf 86' lang='lat' dir='ltr'><strong>dieti</strong></span> <span class='ocrx_word' id='word_1_224' title='bbox 1246 3735 1345 3802; x_wconf 89' lang='lat' dir='ltr'><strong>abavi</strong></span> 
     </span>
     <span class='ocr_line' id='line_1_29' title="bbox 299 3835 1346 3923; baseline 0 -20"><span class='ocrx_word' id='word_1_225' title='bbox 299 3841 319 3874; x_wconf 86' lang='lat'><strong><em>“</em></strong></span> <span class='ocrx_word' id='word_1_226' title='bbox 340 3837 453 3916; x_wconf 87' lang='lat' dir='ltr'><strong>nostri,</strong></span> <span class='ocrx_word' id='word_1_227' title='bbox 476 3837 531 3904; x_wconf 91' lang='lat' dir='ltr'><strong>vel</strong></span> <span class='ocrx_word' id='word_1_228' title='bbox 552 3837 721 3904; x_wconf 81' lang='lat' dir='ltr'><strong>haeredum</strong></span> <span class='ocrx_word' id='word_1_229' title='bbox 752 3857 886 3902; x_wconf 89' lang='lat' dir='ltr'><strong>suorum</strong></span> <span class='ocrx_word' id='word_1_230' title='bbox 918 3856 1185 3923; x_wconf 88' lang='lat' dir='ltr'><strong>quorumcunque</strong></span> <span class='ocrx_word' id='word_1_231' title='bbox 1198 3835 1346 3903; x_wconf 86' lang='lat' dir='ltr'><strong>:—red·</strong></span> 
     </span>
     <span class='ocr_line' id='line_1_30' title="bbox 300 3938 1345 4027; baseline 0 -21"><span class='ocrx_word' id='word_1_232' title='bbox 300 3945 319 3976; x_wconf 89' lang='lat'><strong><em>“</em></strong></span> <span class='ocrx_word' id='word_1_233' title='bbox 341 3941 449 4007; x_wconf 88' lang='lat' dir='ltr'><strong>dendo</strong></span> <span class='ocrx_word' id='word_1_234' title='bbox 466 3939 572 4006; x_wconf 89' lang='lat' dir='ltr'><strong>eidem</strong></span> <span class='ocrx_word' id='word_1_235' title='bbox 587 3938 694 4006; x_wconf 90' lang='lat' dir='ltr'><strong>abavo</strong></span> <span class='ocrx_word' id='word_1_236' title='bbox 706 3941 829 4019; x_wconf 90' lang='lat' dir='ltr'><strong>nostro,</strong></span> <span class='ocrx_word' id='word_1_237' title='bbox 845 3941 881 4004; x_wconf 88' lang='lat' dir='ltr'><strong>et</strong></span> <span class='ocrx_word' id='word_1_238' title='bbox 901 3938 1088 4006; x_wconf 70' lang='lat' dir='ltr'><strong>haeredibus</strong></span> <span class='ocrx_word' id='word_1_239' title='bbox 1102 3939 1178 4018; x_wconf 86' lang='lat' dir='ltr'><strong>suis,</strong></span> <span class='ocrx_word' id='word_1_240' title='bbox 1192 3961 1251 4026; x_wconf 91' lang='lat' dir='ltr'><strong>pro</strong></span> <span class='ocrx_word' id='word_1_241' title='bbox 1265 3961 1345 4027; x_wconf 90' lang='lat' dir='ltr'><strong>qua·</strong></span> 
     </span>
     <span class='ocr_line' id='line_1_31' title="bbox 300 4039 1346 4131; baseline 0.001 -23"><span class='ocrx_word' id='word_1_242' title='bbox 300 4049 318 4080; x_wconf 90' lang='lat'><strong>“</strong></span> <span class='ocrx_word' id='word_1_243' title='bbox 339 4043 422 4110; x_wconf 86' lang='lat' dir='ltr'><strong>libet</strong></span> <span class='ocrx_word' id='word_1_244' title='bbox 443 4044 616 4110; x_wconf 88' lang='lat' dir='ltr'><strong>vacatione</strong></span> <span class='ocrx_word' id='word_1_245' title='bbox 638 4041 816 4112; x_wconf 83' lang='lat' dir='ltr'><strong>Abbathiae</strong></span> <span class='ocrx_word' id='word_1_246' title='bbox 837 4039 1013 4131; x_wconf 70' lang='lat' dir='ltr'><strong>praediotm,</strong></span> <span class='ocrx_word' id='word_1_247' title='bbox 1039 4041 1109 4108; x_wconf 88' lang='lat' dir='ltr'><strong>siva</strong></span> <span class='ocrx_word' id='word_1_248' title='bbox 1131 4041 1266 4109; x_wconf 87' lang='lat' dir='ltr'><strong>duraret</strong></span> <span class='ocrx_word' id='word_1_249' title='bbox 1286 4065 1346 4131; x_wconf 90' lang='lat' dir='ltr'><strong>per</strong></span> 
     </span>
     <span class='ocr_line' id='line_1_32' title="bbox 300 4143 1345 4235; baseline -0.003 -20"><span class='ocrx_word' id='word_1_250' title='bbox 300 4155 319 4184; x_wconf 86' lang='lat'>“</span> <span class='ocrx_word' id='word_1_251' title='bbox 340 4169 464 4215; x_wconf 88' lang='lat' dir='ltr'><strong>annum</strong></span> <span class='ocrx_word' id='word_1_252' title='bbox 485 4148 662 4235; x_wconf 82' lang='lat' dir='ltr'><strong>integrum,</strong></span> <span class='ocrx_word' id='word_1_253' title='bbox 685 4146 754 4212; x_wconf 88' lang='lat' dir='ltr'><strong>sive</strong></span> <span class='ocrx_word' id='word_1_254' title='bbox 776 4167 835 4234; x_wconf 88' lang='lat' dir='ltr'><strong>per</strong></span> <span class='ocrx_word' id='word_1_255' title='bbox 856 4145 965 4211; x_wconf 86' lang='lat' dir='ltr'><strong>minus</strong></span> <span class='ocrx_word' id='word_1_256' title='bbox 987 4147 1127 4231; x_wconf 85' lang='lat' dir='ltr'><strong>tempus,</strong></span> <span class='ocrx_word' id='word_1_257' title='bbox 1143 4143 1233 4210; x_wconf 88' lang='lat' dir='ltr'><strong>mille</strong></span> <span class='ocrx_word' id='word_1_258' title='bbox 1259 4165 1345 4212; x_wconf 89' lang='lat' dir='ltr'><strong>mar-</strong></span> 
     </span>
     <span class='ocr_line' id='line_1_33' title="bbox 302 4245 1346 4337; baseline -0.004 -19"><span class='ocrx_word' id='word_1_259' title='bbox 302 4258 320 4287; x_wconf 89' lang='lat'><strong><em>“</em></strong></span> <span class='ocrx_word' id='word_1_260' title='bbox 342 4273 394 4318; x_wconf 87' lang='lat' dir='ltr'><strong>cas</strong></span> <span class='ocrx_word' id='word_1_261' title='bbox 415 4250 504 4316; x_wconf 81' lang='lat' dir='ltr'><strong>infra</strong></span> <span class='ocrx_word' id='word_1_262' title='bbox 524 4271 695 4333; x_wconf 88' lang='lat' dir='ltr'><strong>ennum,a</strong></span> <span class='ocrx_word' id='word_1_263' title='bbox 716 4253 863 4337; x_wconf 90' lang='lat' dir='ltr'><strong>tempore</strong></span> <span class='ocrx_word' id='word_1_264' title='bbox 885 4269 950 4336; x_wconf 92' lang='lat' dir='ltr'><strong>quo</strong></span> <span class='ocrx_word' id='word_1_265' title='bbox 972 4245 1143 4314; x_wconf 84' lang='lat' dir='ltr'><strong>Abbathia</strong></span> <span class='ocrx_word' id='word_1_266' title='bbox 1155 4245 1215 4312; x_wconf 91' lang='lat' dir='ltr'><strong>illa</strong></span> <span class='ocrx_word' id='word_1_267' title='bbox 1229 4269 1346 4314; x_wconf 83' lang='lat' dir='ltr'><strong>vacare</strong></span> 
     </span>
     <span class='ocr_line' id='line_1_34' title="bbox 300 4349 1345 4443; baseline -0.002 -23"><span class='ocrx_word' id='word_1_268' title='bbox 300 4353 499 4443; x_wconf 89' lang='lat' dir='ltr'><strong>“inciperet</strong></span> <span class='ocrx_word' id='word_1_269' title='bbox 532 4353 775 4440; x_wconf 88' lang='lat' dir='ltr'><strong>computendo;</strong></span> <span class='ocrx_word' id='word_1_270' title='bbox 804 4351 967 4430; x_wconf 85' lang='lat' dir='ltr'><strong>videlicet,</strong></span> <span class='ocrx_word' id='word_1_271' title='bbox 994 4349 1192 4437; x_wconf 84' lang='lat' dir='ltr'><strong>quingentas</strong></span> <span class='ocrx_word' id='word_1_272' title='bbox 1220 4372 1345 4418; x_wconf 84' lang='lat' dir='ltr'><strong>marcas</strong></span> 
     </span>
     <span class='ocr_line' id='line_1_35' title="bbox 300 4453 1346 4544; baseline -0.004 -20"><span class='ocrx_word' id='word_1_273' title='bbox 300 4465 319 4495; x_wconf 85' lang='lat'>“</span> <span class='ocrx_word' id='word_1_274' title='bbox 341 4457 377 4524; x_wconf 92' lang='lat' dir='ltr'><strong>in</strong></span> <span class='ocrx_word' id='word_1_275' title='bbox 397 4457 465 4523; x_wconf 86' lang='lat' dir='ltr'><strong>fine</strong></span> <span class='ocrx_word' id='word_1_276' title='bbox 486 4456 585 4544; x_wconf 90' lang='lat' dir='ltr'><strong>primi</strong></span> <span class='ocrx_word' id='word_1_277' title='bbox 607 4455 737 4522; x_wconf 91' lang='lat' dir='ltr'><strong>dimidii</strong></span> <span class='ocrx_word' id='word_1_278' title='bbox 759 4455 838 4520; x_wconf 89' lang='lat' dir='ltr'><strong>anni</strong></span> <span class='ocrx_word' id='word_1_279' title='bbox 859 4453 959 4532; x_wconf 89' lang='lat' dir='ltr'><strong>illius,</strong></span> <span class='ocrx_word' id='word_1_280' title='bbox 981 4457 1016 4519; x_wconf 88' lang='lat' dir='ltr'><strong>at</strong></span> <span class='ocrx_word' id='word_1_281' title='bbox 1036 4453 1234 4541; x_wconf 78' lang='lat' dir='ltr'><strong>quingentas</strong></span> <span class='ocrx_word' id='word_1_282' title='bbox 1259 4476 1346 4520; x_wconf 90' lang='lat' dir='ltr'><strong>mar-</strong></span> 
     </span>
     <span class='ocr_line' id='line_1_36' title="bbox 302 4544 1346 4646; baseline -0.002 -19"><span class='ocrx_word' id='word_1_283' title='bbox 302 4566 319 4597; x_wconf 93' lang='lat'><strong>“</strong></span> <span class='ocrx_word' id='word_1_284' title='bbox 341 4581 394 4627; x_wconf 89' lang='lat' dir='ltr'><strong>cas</strong></span> <span class='ocrx_word' id='word_1_285' title='bbox 415 4560 453 4626; x_wconf 90' lang='lat' dir='ltr'><strong>in</strong></span> <span class='ocrx_word' id='word_1_286' title='bbox 474 4559 540 4626; x_wconf 86' lang='lat' dir='ltr'><strong>fine</strong></span> <span class='ocrx_word' id='word_1_287' title='bbox 562 4559 708 4646; x_wconf 88' lang='lat' dir='ltr'><strong>ejusdem</strong></span> <span class='ocrx_word' id='word_1_288' title='bbox 731 4557 819 4627; x_wconf 89' lang='lat' dir='ltr'><strong>anni.</strong></span> <span class='ocrx_word' id='word_1_289' title='bbox 864 4556 954 4623; x_wconf 86' lang='lat' dir='ltr'><strong>Etsi</strong></span> <span class='ocrx_word' id='word_1_290' title='bbox 973 4553 1058 4622; x_wconf 83' lang='lat' dir='ltr'><strong>forte</strong></span> <span class='ocrx_word' id='word_1_291' title='bbox 1073 4555 1210 4622; x_wconf 81' lang='lat' dir='ltr'><strong>&#39;vacatio</strong></span> <span class='ocrx_word' id='word_1_292' title='bbox 1231 4544 1346 4625; x_wconf 69' lang='lat' dir='ltr'><strong>Abba</strong></span> 
     </span>
    </p>
   </div>
   <div class='ocr_carea' id='block_1_3' title="bbox 594 4801 1036 4856">
    <p class='ocr_par' dir='ltr' id='par_1_3' title="bbox 594 4801 1036 4856">
     <span class='ocr_line' id='line_1_37' title="bbox 594 4801 1036 4856; baseline -0.009 0"><span class='ocrx_word' id='word_1_293' title='bbox 594 4803 603 4836; x_wconf 86' lang='lat'>¹</span> <span class='ocrx_word' id='word_1_294' title='bbox 615 4803 671 4856; x_wconf 85' lang='lat' dir='ltr'><strong>&#39;ibe</strong></span> <span class='ocrx_word' id='word_1_295' title='bbox 681 4805 736 4856; x_wconf 85' lang='lat' dir='ltr'><strong>lirst</strong></span> <span class='ocrx_word' id='word_1_296' title='bbox 746 4803 818 4856; x_wconf 81' lang='lat' dir='ltr'><strong>letter</strong></span> <span class='ocrx_word' id='word_1_297' title='bbox 829 4801 932 4854; x_wconf 80' lang='lat' dir='ltr'><strong>omitted</strong></span> <span class='ocrx_word' id='word_1_298' title='bbox 942 4801 968 4852; x_wconf 89' lang='lat' dir='ltr'><strong>in</strong></span> <span class='ocrx_word' id='word_1_299' title='bbox 979 4801 1036 4852; x_wconf 78' lang='lat' dir='ltr'><strong>Ma.</strong></span> 
     </span>
    </p>
   </div>
   <div class='ocr_carea' id='block_1_4' title="bbox 0 0 1808 5828">
    <p class='ocr_par' dir='ltr' id='par_1_4' title="bbox 0 0 1808 5828">
     <span class='ocr_line' id='line_1_38' title="bbox 0 0 1808 5828; baseline 0 0"><span class='ocrx_word' id='word_1_300' title='bbox 0 0 1808 5828; x_wconf 95' lang='lat' dir='ltr'><strong> </strong></span> 
     </span>
    </p>
   </div>
  </div>
 </body>
</html>
