3640 5842
443 939 451 958 ·
480 927 655 978 sonamus
677 925 961 977 wnnrnnusrnnn
982 926 1158 977 succuum.
1279 913 1343 975 415

347 1101 476 1188 Proque
497 1102 584 1168 bono
606 1101 712 1189 campi
735 1122 789 1167 cor
811 1100 917 1166 deferit
939 1098 1094 1165 Herculis
1115 1099 1172 1164 illi.
1358 1119 1426 1171 Ab.
1440 1127 1513 1174 κει.

347 1203 472 1282 Matris,
495 1225 563 1270 non
585 1205 698 1291 patris,
720 1204 787 1268 fuit
808 1209 900 1268 ortus
922 1202 1010 1268 filius
1033 1223 1161 1268 excors:

347 1305 488 1371 Martem
510 1327 578 1372 non
599 1307 710 1387 coluit,
734 1305 834 1370 nimis
855 1328 876 1370 a
898 1309 991 1391 patre
1013 1305 1233 1392 degeneravit,

348 1407 422 1488 Quo
444 1409 558 1475 melior
579 1409 673 1474 miles
694 1431 764 1474 non
785 1407 932 1474 ¹Teucer
953 1413 1033 1486 erat,
1055 1406 1110 1473 vel
1132 1408 1275 1487 Atrides,

348 1509 427 1576 Sive
448 1511 549 1576 timor
571 1509 749 1598 8Phrygiis
771 1510 867 1596 Ajax,
890 1511 1046 1576 robustus
1067 1509 1103 1573 in
1126 1509 1233 1574 armis.

349 1611 416 1677 Hic
437 1611 502 1679 fuit
524 1613 560 1677 in
583 1612 692 1678 verbis
714 1613 787 1680 Rex
809 1612 910 1692 mitis,
933 1611 1006 1678 Rex
1028 1611 1170 1698 pietatis,

348 1715 507 1780 Attamen
529 1717 565 1780 in
588 1715 683 1781 sactis
704 1715 815 1782 nimiae
837 1716 890 1780 vir
911 1715 1139 1801 simplicitatis,
1184 1745 1186 1749 ·

348 1815 439 1882 Hinc
460 1821 633 1905 postquam
655 1816 820 1905 ³triginta
841 1838 959 1883 novem
982 1817 1056 1882 Rex
1077 1816 1211 1904 praefuit
1233 1815 1336 1896 annis,

350 1916 448 1986 Ooeca
472 1941 565 1984 suam
586 1919 720 1985 fortuna
741 1925 856 2000 rotam,
880 1919 973 2006 quasi
994 1919 1089 1986 fortis
1110 1921 1147 1984 in
1168 1917 1276 1995 armis,

348 2019 517 2100 Volveret,
539 2027 574 2088 et
595 2023 741 2109 regimen
763 2021 915 2109 rapiebat
937 2022 1038 2108 Regis
1059 2021 1176 2098 eidem,

349 2121 517 2210 Compulit
538 2145 576 2189 ac
598 2124 709 2190 subito
731 2125 778 2192 sic
800 2124 1070 2204 dicere-“Sum
1092 2124 1164 2189 sine
1185 2121 1312 2210 regno.'’

348 2274 377 2342 0
400 2299 469 2344 sors
490 2277 694 2364 prosperior!
720 2274 749 2342 Ο
772 2278 878 2364 gratia
901 2281 1052 2366 sorteque
1074 2278 1200 2364 major!

349 2378 414 2458 Qui
436 2378 595 2444 diuturna
615 2379 714 2444 nimis
736 2379 802 2446 fuit
824 2380 1009 2467 expectatio
1032 2378 1144 2466 plebis,
1396 2441 1429 2490 ng

349 2479 415 2546 Sed
436 2481 619 2548 mittendus
642 2486 719 2548 erat
766 2481 853 2564 Jam,
876 2482 979 2548 dante
1000 2482 1080 2562 Deo,
1103 2480 1260 2548 veniebat

348 2582 415 2650 Hic
436 2584 554 2650 Martis
575 2583 709 2663 soboles,
732 2591 767 2650 et
788 2585 921 2651 nomine
943 2584 1084 2650 Martius
1105 2585 1209 2650 heros

348 2684 455 2752 Marte
477 2686 712 2773 triumphante,
728 2687 786 2774 jus
807 2687 957 2774 *sceptri
976 2687 1096 2774 jusque
1118 2708 1253 2767 coronae,

348 2787 399 2854 Ut
421 2787 540 2868 decuit,
562 2790 711 2876 sumpsit,
735 2794 775 2855 ut
796 2789 921 2870 debuit,
943 2811 981 2854 ac
1003 2789 1066 2854 sibi
1083 2788 1207 2874 junxit.

347 2889 439 2957 Tunc
460 2890 546 2956 bona
567 2913 640 2980 spes
662 2890 778 2972 fluerat,
801 2913 871 2957 sors
892 2913 1047 2978 prospera
1069 2891 1158 2977 quod
1171 2887 1345 2966 reveniret,

347 2993 504 3080 Laetaque
526 3015 586 3080 pro
608 2999 686 3060 voto
709 2995 828 3060 coleret
849 2994 942 3081 plebs
964 2994 1058 3060 saecla
1081 2993 1142 3059 sub
1164 2992 1243 3080 ipso.

349 3093 416 3160 Det
439 3095 538 3178 Deus,
560 3117 598 3162 ac
619 3096 727 3176 faciat,
748 3096 837 3162 bona
858 3117 901 3161 ne
922 3117 996 3182 spes
1017 3095 1114 3162 irrita
1135 3094 1203 3160 fiat

304 3363 392 3432 Acta
420 3363 578 3454 paucula
609 3366 651 3432 iso
684 3365 833 3452 quodam
869 3365 1114 3448 Parlicmcow,
1148 3363 1348 3432 immediate

393 3468 494 3555 wast
519 3475 596 3554 post
626 3467 756 3534 dictam
780 3467 1043 3536 Ocrccctrbaem
1074 3467 1170 3556 opcod
1197 3467 1348 3536 Weotcw-

392 3569 584 3636 amaruan
606 3570 770 3637 celebrato,
886 3565 889 3574 ¹

348 3735 519 3804 ⁶Peractis
556 3736 654 3803 dictae
687 3736 915 3803 coronationis
948 3738 1122 3816 solemniis,
1155 3736 1349 3802 confirmato
1362 3740 1497 3794 AParlis·

304 3840 573 3926 corroboratoquc
596 3840 685 3925 Rege
709 3840 746 3904 in
768 3861 827 3906 suo
853 3840 942 3922 solio,
965 3841 1002 3905 in
1032 3840 1246 3926 omnibusque
1275 3859 1349 3924 quae
1361 3810 1500 3927 affine

304 3942 472 4028 pertinent
502 3943 546 4007 ad
574 3941 631 4028 jus
662 3942 741 4028 ejus,
765 3963 843 4008 mox
874 3941 1043 4028 posterius,
1070 3942 1112 4007 de
1144 3941 1349 4006 avisamento
1361 3942 1516 4002 minatam

304 4043 443 4110 Consilii
464 4051 545 4110 tune
568 4046 715 4122 astantis,
730 4049 993 4132 appunctuatum
1015 4044 1125 4110 fuerat
1147 4043 1349 4109 Parliamen-
1362 4007 1514 4139 ἓξὲξ,

303 4149 377 4212 tum
409 4146 489 4225 fieri,
521 4147 693 4234 ipsumque
724 4146 778 4212 die
809 4153 926 4232 quarto
958 4145 1168 4234 Septembris,
1200 4145 1349 4233 proximo

303 4253 383 4315 tunc
405 4249 580 4337 sequentis,
602 4249 692 4336 apud
714 4248 1042 4316 westmonasterium
1064 4248 1217 4316 inchoari.

349 4351 509 4418 Inchoato
531 4353 645 4437 utique
668 4351 898 4434 Perliamento,
913 4351 1183 4440 congregatisque
1199 4350 1349 4419 Praelatis

337 4587 577 4642 ¹thsoeerinMS.
854 4592 1096 4658 omontbs,4dsys

336 4668 555 4735 ²Fn'pr'irinMS.
886 4671 1090 4737 ⁴septrr'inMS.

337 4747 414 4800 ³The
430 4756 504 4800 exact
522 4749 648 4815 lengthof
665 4748 704 4800 his
723 4749 803 4815 reign,
886 4749 961 4801 ‘'Ibe
975 4750 1352 4815 firstletterisomitted3tobe

303 4827 404 4880 Hearne
430 4830 550 4890 remarks
577 4843 628 4880 was
656 4834 688 4880 38
721 4845 803 4894 years,
853 4829 965 4894 supplied
976 4830 1002 4879 in
1012 4829 1186 4882 illumination,
