3640 5842
238 1951 243 1961 ·
336 1909 517 1976 Dominum
549 1911 672 1999 Regem
704 1911 895 1990 existentes,
928 1919 999 1977 tam
1037 1911 1078 1976 de
1114 1911 1277 1977 machinis
1314 1934 1382 1978 suro

519 909 693 960 romare
716 901 1002 958 summersos
1024 907 1201 959 sncurnrr.
1314 889 1379 962 373

333 1092 398 1158 diis
420 1095 456 1158 et
487 1091 703 1172 intermediis,
732 1093 804 1158 fieri
834 1115 909 1181 pax,
940 1093 1061 1158 nedum
1084 1094 1173 1160 inter
1203 1094 1313 1182 ipsum
1345 1101 1460 1164 etan.
1475 1117 1547 1166 roeo.

333 1193 430 1260 ¹suos
460 1215 613 1281 proceres,
637 1191 1011 1281 ²quinimmou1terius,
1040 1217 1106 1284 pax
1129 1200 1164 1261 et
1188 1193 1380 1262 ³abunden-

333 1296 382 1362 tia
404 1297 493 1382 pacis
515 1295 691 1382 utrobique
713 1296 801 1363 infra
825 1317 973 1384 regnum,
1000 1296 1037 1360 in
1067 1297 1284 1384 omnibusque
1310 1303 1380 1364 tur-

334 1397 425 1464 ribus
447 1403 482 1464 et
504 1396 628 1463 finibus
650 1397 726 1464 suis.

379 1499 444 1581 Qui
475 1499 662 1588 Episcopus,
694 1521 761 1567 non
794 1499 928 1566 omnino
957 1501 1186 1588 circumspecte
1220 1500 1378 1568 nuncium
1390 1521 1549 1585 menneop

334 1625 430 1669 suum
466 1625 632 1691 peragens,
663 1603 763 1669 rediit
793 1625 904 1670 rursus
935 1603 1125 1690 inexpedito
1157 1605 1299 1693 negotio,
1330 1605 1380 1670 nil
1391 1587 1537 1706 ffiffl‘

334 1705 426 1771 aliud
446 1727 555 1772 secum
577 1707 723 1784 afferens,
737 1706 802 1772 nisi
817 1705 920 1772 verba
935 1707 1161 1793 displicentiae,
1177 1707 1379 1786 diffidentiae,

336 1813 369 1873 et
399 1808 625 1896 despectionis.
670 1810 777 1874 Erant
807 1809 895 1874 enim
926 1815 1090 1895 protunc
1119 1831 1273 1896 proceres,
1297 1810 1382 1876 eirca
1394 1823 1546 1876 conum

1355 1913 1361 1926 ·
1394 1891 1424 1941 oi
1431 1891 1475 1941 tho

335 2011 468 2090 uenies,
508 2018 542 2078 ee
579 2013 775 2078 fortitudine
806 2013 1112 2092 sacamentum,
1147 2012 1380 2093 *amoenae
1393 1957 1536 2088 ttttt

335 2115 423 2201 quod
447 2114 573 2180 viribus
598 2114 676 2180 lieet
697 2119 826 2180 starent
856 2115 991 2182 omnino
1021 2116 1171 2202 impuros,
1193 2116 1382 2182 audaciores
1393 2099 1509 2208 {3²57ss
1509 2089 1544 2139 ¹¹⁰

335 2223 447 2282 tamen
469 2222 565 2282 erant
586 2216 704 2296 effecti,
727 2221 766 2282 ut
792 2217 1036 2283 committerent
1065 2239 1100 2283 se
1126 2219 1216 2299 sorti,
1243 2225 1277 2284 et
1303 2218 1517 2288 bolliinsultins

335 2325 500 2398 eventum,
523 2340 621 2405 quem
644 2317 877 2385 intellexerant
900 2319 968 2385 fore
991 2320 1138 2401 dubium,
1161 2320 1307 2386 finaiiter
1326 2343 1382 2386 ex·
1395 2305 1497 2342 ”³⁰³⁹

336 2427 512 2509 pecturent
563 2419 673 2499 Unde,
702 2421 823 2507 spiritu
853 2421 945 2486 ducti
976 2423 1182 2500 temeritatis,
1212 2423 1261 2488 nil
1292 2422 1384 2488 aliud

336 2524 400 2590 nisi
423 2522 525 2588 verba
546 2524 710 2610 probrosa,
733 2523 978 2604 contumeliosa,
1004 2525 1259 2611 ignominiaque
1281 2523 1385 2612 plene,

337 2626 592 2692 transmiserunt
606 2625 727 2691 iterum
742 2624 817 2691 iliis.
862 2625 912 2690 De
928 2625 1020 2712 cujus
1034 2626 1262 2693 inurbanitate
1277 2633 1385 2693 truns-
1420 2655 1422 2662 ¹

335 2727 501 2795 missionis
515 2749 662 2815 proceras
684 2747 752 2792 non
774 2727 981 2794 mediocriter
1002 2727 1126 2794 irritati
1148 2729 1191 2795 ad
1212 2729 1287 2809 iras,
1307 2750 1386 2796 mox

337 2836 375 2896 ut
406 2828 630 2917 “quaecunque
659 2828 767 2894 locum
798 2834 951 2916 caperent
974 2829 1094 2896 sortito
1116 2829 1277 2910 decenter,
1300 2831 1385 2898 divi-

336 2941 450 3000 serunt
482 2930 591 3019 copias
625 2952 700 2996 suas
731 2931 768 2996 in
798 2929 946 2997 ⁶turmas
977 2937 1066 3011 tres;
1099 2953 1238 3017 quarum
1269 2933 1385 3021 primas

336 3034 469 3121 prefuit
502 3033 617 3100 Comes
650 3032 825 3115 Marchiae3
848 3032 1000 3100 secuudae
1034 3033 1151 3100 Comes
1184 3032 1383 3123 Warwycy3

337 3137 448 3202 tertiae
471 3157 549 3201 vero
572 3133 735 3200 Dominus
757 3134 798 3200 de
821 3134 1052 3223 Faecnbrigge.
1100 3135 1166 3217 Qui
1189 3136 1217 3202 si
1237 3137 1541 3225 praefeotinnenorur

337 3243 372 3304 et
394 3237 495 3304 erecti
516 3241 732 3324 perrexerunt
754 3237 906 3302 certatim
931 3237 1190 3324 catervatimque
1220 3261 1293 3305 cum
1317 3239 1384 3305 suis
1395 3222 1536 3338 fflssffi

337 3341 465 3422 turmis,
480 3337 678 3427 ⁷separatim
694 3343 807 3404 tamen
822 3339 858 3404 in
881 3338 1020 3430 diversis
1042 3339 1192 3426 pertibus
1208 3341 1251 3408 ad
1265 3341 1383 3408 fossam
1395 3355 1514 3405 foroerto

337 3441 659 3518 circumvolutionis,
688 3440 867 3528 ipsamque,
905 3441 983 3508 licet
1019 3443 1151 3528 plenam
1181 3445 1319 3510 sudibus
1349 3449 1382 3510 et
1395 3418 1551 3481 ‘hem‘

337 3544 526 3621 arbusculis,
549 3543 616 3608 levi
637 3548 751 3609 temen
773 3543 868 3623 seltu,
891 3543 947 3610 sed
969 3565 1037 3609 non
1059 3545 1182 3634 absque
1210 3547 1383 3632 juvamine
1394 3487 1511 3632 mii

337 3647 442 3735 portis
464 3644 647 3724 contrariae,
663 3645 850 3729 evadentes,
872 3646 1040 3713 irruerunt
1054 3646 1088 3712 in
1110 3646 1283 3736 ⁸campuru
1297 3671 1383 3736 proe-
1394 3626 1543 3752 diffie

339 3748 494 3815 liationis.
1397 3767 1477 3818 ΜΨ·

382 3853 465 3917 Erat
487 3850 576 3917 enim
598 3849 635 3914 in
657 3849 804 3916 exercitu
825 3849 926 3938 Regis
949 3851 1007 3916 illa
1036 3851 1150 3940 gravis
1172 3853 1285 3940 pestis,
1308 3874 1383 3938 quas
1397 3861 1539 3925 Trochus

339 3955 427 4021 inter
448 3954 529 4020 olias
552 3955 745 4042 gravissima
778 3975 848 4020 esse
878 3955 1024 4037 dicitur3
1046 3977 1128 4041 quas,
1152 3955 1283 4036 scilieet,
1306 3956 1385 4023 dum
1398 3927 1530 4056 3ζῖῗῶ

338 4079 450 4145 pacem
480 4057 588 4145 palem
619 4076 694 4122 cum
731 4055 837 4122 amico
865 4055 1021 4143 loquitur,
1059 4058 1143 4124 clem
1173 4063 1208 4124 et
1237 4079 1383 4125 seorsum
1398 4059 1532 4123 nemoy

373 4337 383 4369 ¹
393 4353 453 4386 succ
464 4335 490 4386 in
501 4336 557 4388 ΜΒ.
920 4335 931 4369 ⁶
942 4335 1084 4386 Edwordus
1098 4335 1185 4387 Comes
1195 4336 1329 4400 Martia,
1342 4337 1387 4388 Ri-

373 4415 504 4480 ²quiaymc
514 4414 541 4465 in
551 4415 609 4467 ΜΒ.
885 4413 976 4464 cardus
1001 4413 1088 4464 Comes
1113 4413 1233 4466 warnae.
1256 4415 1388 4467 Willelmur

372 4493 669 4546 'Mbuadumainbdd
887 4492 1116 4560 Nequnonim
1123 4493 1387 4562 &Fauonios-ipsc.—

373 4571 511 4623 ⁴Proeiima
530 4571 601 4638 apud
616 4571 840 4638 Nontumptoaun.
886 4571 1013 4638 Magius
1034 4574 1110 4638 Note,
1130 4575 1165 4640 by
1185 4576 1253 4626 Lord
1278 4575 1387 4627 william

340 4651 497 4717 -Marginal
508 4651 584 4715 Note,
597 4654 631 4718 by
643 4654 711 4703 Lord
727 4651 841 4703 william
888 4653 1008 4704 novun

343 4732 462 4782 Howard.
834 4761 837 4766 ·
919 4731 1067 4797 hemum
1077 4731 1103 4782 in
1114 4731 1171 4786 MS.
1351 4785 1355 4794 ,

373 4807 440 4860 ‘Sic
451 4808 478 4858 in
489 4809 546 4861 MS.
921 4810 1062 4878 ‘cumptum
1070 4811 1260 4873 mauriacum
1270 4815 1325 4870 MS.
