3588 5838
503 905 676 956 tonsurus
701 907 987 957 wnnunausrnnn
1009 909 1184 960 secusne.
1319 893 1362 964 37

309 1101 329 1128 “
353 1094 489 1174 ‘etiam‚
513 1099 547 1160 et
569 1096 776 1162 concedimus
798 1097 945 1182 praefatis
961 1097 1088 1164 Abbati
1112 1097 1529 1175 et00nventui‚A.D.144a.

309 1203 327 1231 “
352 1201 413 1262 ‘et
433 1198 668 1264 successoribus
690 1200 766 1278 suis,
781 1221 840 1285 pro
862 1199 958 1266 nobis
974 1209 1008 1266 et
1022 1199 1210 1266 haeredibus
1232 1201 1361 1280 nostris,

307 1307 328 1332 “
351 1307 436 1385 ‘per
463 1305 648 1385 praesentes,
671 1301 759 1388 quod
790 1303 941 1389 praedicti
963 1303 1077 1368 Abbas
1104 1308 1138 1368 et
1162 1303 1361 1382 Conventus,

309 1405 329 1436 “
353 1407 412 1466 ‘et
441 1423 638 1468 successores
668 1404 728 1482 sui,
753 1411 822 1470 tam
849 1406 961 1470 omnia
983 1410 1017 1470 et
1039 1405 1171 1491 singula
1201 1406 1360 1492 praedicta

309 1510 327 1538 “
351 1513 359 1538 ‘
374 1503 554 1582 libertates,
576 1506 759 1594 privilegia,
783 1507 1021 1585 immunitates,
1036 1506 1244 1588 francbesias,
1259 1513 1294 1572 et
1308 1531 1359 1574 ac-

307 1613 328 1640 “
351 1608 588 1692 ‘quietandas
612 1631 710 1695 quarn
741 1609 852 1676 omnia
881 1611 947 1676 elia
975 1609 1153 1687 libertates,
1177 1609 1358 1697 privilegia,

307 1716 325 1745 “
350 1715 359 1744 ⁴
374 1709 611 1790 immunitates,
628 1711 833 1794 franchesias‚
850 1717 884 1778 et
900 1713 1112 1800 quittancias,
1133 1712 1275 1778 ecclesias
1289 1735 1358 1780 suae

308 1821 325 1846 “
348 1813 546 1899 ‘praedictae‚
562 1813 616 1879 vel
638 1815 702 1880 sibi
724 1820 759 1880 et
781 1815 1016 1882 successoribus
1039 1815 1107 1880 suis
1129 1837 1187 1902 per
1209 1813 1359 1881 ¹cbartas

309 1920 328 1948 “
354 1916 622 2003 ‘progenitorum
638 1924 672 1983 et
686 1917 960 2004 praedecessorum
982 1923 1179 1996 nostrorum,
1193 1917 1359 2004 quondam

309 2023 327 2051 “
351 2027 359 2052 ‘
376 2019 503 2106 Regum
514 2019 653 2106 Angliae,
669 2041 886 2107 quascunque,
904 2042 984 2108 quas
999 2019 1273 2098 confirmavimus,
1284 2041 1359 2085 con-

307 2127 326 2154 “
351 2129 471 2199 ‘cessa
485 2121 631 2188 habeant
654 2128 688 2188 et
710 2125 854 2202 tentant,
877 2145 914 2189 ac
937 2123 1057 2188 eisdem
1074 2121 1219 2208 plenarie
1237 2123 1358 2210 gaude·

307 2229 326 2258 “
351 2227 435 2288 ‘ant
454 2229 489 2289 et
503 2228 652 2307 utantur,
669 2231 738 2290 tam
762 2224 803 2290 de
826 2230 861 2290 et
875 2226 912 2290 in
926 2223 1078 2292 omnibus
1094 2224 1221 2302 ²terris,
1244 2224 1357 2305 feodis,

309 2331 326 2358 ‘⁴
350 2326 461 2404 ‘locis
484 2331 519 2392 et
540 2328 795 2414 possessionibus
817 2330 893 2406 suis,
915 2351 973 2415 per
995 2329 1080 2414 ipsos
1107 2326 1157 2392 vel
1182 2325 1358 2412 praedeees-

307 2436 325 2463 “
350 2434 461 2494 ‘sores
498 2450 582 2511 suos,
621 2435 695 2516 post
731 2431 967 2497 confectionem
1005 2428 1185 2516 praedicte,
1200 2425 1357 2495 ³Chartae

308 2539 326 2566 ‘¹
352 2530 474 2618 ‘Regis
497 2531 635 2597 Heni-ici
658 2533 802 2599 Secundi
823 2533 865 2600 de
887 2555 973 2600 novo
995 2531 1177 2618 adquisitis,
1200 2551 1298 2616 quarn
1321 2531 1357 2596 in

309 2639 328 2667 “
352 2632 527 2698 ‘omnibus
542 2639 577 2699 et
592 2635 728 2723 singulis
742 2636 816 2702 eliis
838 2635 983 2722 antiquis
1006 2633 1264 2722 possessionibus
1279 2633 1356 2714 suis,

307 2741 326 2770 “
352 2740 538 2802 ‘unacum
569 2737 720 2804 omnibus
751 2743 785 2803 et
815 2739 952 2826 singulis
978 2737 1052 2802 aliis
1082 2718 1292 2802 libertatibus
1322 2741 1357 2800 et

308 2843 325 2872 ‘⁴
350 2837 484 2903 ‘liberis
513 2840 803 2906 consuetudinibus
832 2863 890 2929 per
915 2841 1002 2927 ipsos
1024 2859 1112 2903 nuno
1134 2837 1300 2902 Abbatem
1323 2844 1357 2903 et

308 2945 327 2974 “
353 2937 595 3019 ‘Conventum
610 2947 645 3008 et
666 2942 915 3029 praedecessores
937 2963 1020 3022 suos,
1036 2939 1078 3004 ab
1093 2939 1231 3024 antiquo
1255 2937 1357 3004 ratio·

307 3049 327 3077 “
351 3048 359 3076 ‘
374 3042 531 3108 nobiliter
544 3043 668 3110 habitis
683 3051 716 3110 et
731 3047 864 3112 usitatis
879 3044 938 3109 ⁴in
953 3047 1156 3132 perpetuum.
1204 3039 1246 3104 ln
1261 3039 1356 3125 cujus

306 3151 326 3179 “
350 3146 420 3210 ‘rei
450 3146 687 3227 testimonium,
709 3147 767 3214 bas
789 3149 934 3214 Litteras
965 3149 1094 3212 nostras
1120 3143 1192 3208 fieri
1221 3141 1357 3208 fecimus

307 3253 325 3281 “
350 3247 536 3314 ‘Patentes
584 3249 679 3316 Teste
709 3250 841 3337 meipso,
872 3249 961 3338 apud
991 3246 1174 3312 manerium
1205 3250 1355 3310 nostrum

308 3355 328 3384 “
353 3350 417 3415 ‘de
448 3350 678 3438 Kenyngtone,
703 3353 867 3418 tricesimo
898 3352 951 3418 die
980 3350 1113 3438 Aprilis,
1139 3370 1226 3414 anno
1265 3349 1355 3434 regni

307 3457 325 3485 “
351 3454 480 3519 ‘nostri
491 3452 767 3520 decimooetavoss
791 3449 1355 3528 ⁶Chartasecunda.—⁰‘Hen1icus,

308 3563 325 3590 “
351 3554 436 3620 ‘Dei
469 3557 586 3643 gratia,
611 3557 684 3623 Rex
707 3557 839 3644 Angliae
874 3560 908 3623 et
940 3555 1096 3632 Francius,
1128 3559 1163 3618 et
1194 3553 1356 3618 Dominus

307 3663 326 3691 ‘¹
350 3663 358 3690 ‘
374 3656 553 3736 Hibernia,
567 3658 839 3747 Archiepiscopis,
853 3659 1031 3744 Episcopis,
1043 3655 1241 3732 Abbatibus,
1264 3653 1356 3718 Prio-

305 3767 323 3792 “
349 3759 472 3840 ‘ribus
507 3760 663 3842 Ducibus,
700 3761 893 3842 ComitibuS,
930 3758 1122 3838 Beronibus,
1146 3755 1355 3834 Justiciariis,

306 3869 323 3894 “
348 3861 635 3940 ‘vicecomitibus
676 3863 874 3951 Praepositis,
912 3861 1082 3939 ministris,
1122 3863 1157 3923 et
1203 3858 1355 3922 omnibus
1455 3917 1458 3923 .

308 3969 327 3997 “
351 3962 504 4030 ‘ballivis
526 3970 560 4031 et
583 3965 735 4030 fidelibus
753 3965 831 4043 suis,
855 3965 898 4030 ad
921 3985 1002 4050 quos
1025 3965 1202 4050 praesentes
1233 3959 1354 4026 litterae

306 4070 326 4098 “
349 4066 589 4152 ‘pervenerint
620 4068 767 4134 salutem.
815 4067 934 4133 Sciatis
964 4065 1062 4153 quod,
1086 4085 1159 4130 cum
1187 4061 1356 4126 Abbathia

305 4174 323 4202 “
349 4168 412 4232 ‘de
435 4169 556 4236 Sancto
571 4170 711 4252 Albano,
727 4171 764 4235 in
788 4170 958 4238 Comitatu
982 4165 1193 4244 Hertfordiae,
1217 4184 1291 4248 quae
1315 4162 1355 4227 de

304 4275 324 4304 “
348 4269 564 4338 ‘fundatione
578 4271 766 4339 inclitorum
782 4272 1028 4360 progenitorum
1043 4273 1240 4346 nostrorum,
1251 4285 1354 4350 quon-

339 4500 346 4532 ¹
358 4501 479 4552 certaria
491 4503 547 4555 MS.
885 4505 896 4537 ⁶
911 4504 1006 4556 Clam
1014 4501 1094 4552 alteru
1104 4498 1263 4550 concordatis
1279 4499 1351 4563 reyioe

339 4579 431 4630 ’Nota
448 4584 474 4631 in
491 4581 578 4647 qrdbur
594 4583 653 4635 locis
663 4585 701 4634 uti
716 4583 807 4635 labent
851 4577 1350 4650 ruperrdterioriccelesioelibcrtcticna-

303 4656 392 4708 Attus
424 4661 576 4726 supradictis
608 4662 807 4716 libertatibus.-
852 4661 1052 4728 Superscription
1061 4660 1090 4710 cf
1099 4659 1141 4708 the
1150 4654 1225 4709 folios
1233 4657 1298 4707 from
1305 4655 1348 4706 fol.

304 4738 433 4803 Merginal
444 4741 512 4792 Note
523 4741 549 4791 in
558 4742 615 4793 MS.
854 4749 908 4793 lta
918 4750 945 4792 to
956 4743 998 4791 fol.
1014 4744 1042 4791 17
1051 4755 1073 4788 a.

338 4816 450 4868 'Carta
461 4818 486 4868 in
499 4821 556 4872 MS.
885 4822 962 4872 οΤὶιε
979 4821 1034 4870 first
1051 4820 1123 4869 letter
1140 4815 1261 4877 omitted;
1279 4823 1306 4866 to
1317 4815 1350 4868 bc

339 4895 636 4964 Grammaticus.
852 4900 964 4968 supplied
975 4899 1001 4949 in
1013 4897 1187 4949 illumination.
