3588 5838
508 925 682 976 consume
703 925 986 976 wnurnsusrunn
1007 926 1183 977 snounnn.
1327 915 1366 976 11

322 1117 487 1182 “extunc
522 1115 673 1203 proximo
711 1116 870 1194 futurum,
900 1121 936 1181 et
970 1115 1114 1180 Domum
1145 1113 1369 1202 (lapitularem
1381 1127 1449 1180 ab.
1460 1135 1533 1183 1452.

319 1225 338 1252 “
361 1218 559 1304 praedictem,
589 1240 665 1284 cum
701 1217 948 1284 continuatione
985 1222 1020 1283 et
1060 1217 1290 1305 prorogatione
1320 1239 1369 1282 se-

322 1329 342 1356 “
364 1321 546 1406 quentium,
560 1321 605 1386 si
634 1325 794 1408 oporteat,
825 1326 905 1387 tunc
935 1321 1071 1398 dierum,
1104 1319 1147 1384 ad
1178 1319 1368 1385 electionem

322 1427 341 1457 “
365 1422 469 1489 futuri
492 1423 635 1490 Abbatis
654 1423 751 1490 dictae
769 1423 931 1500 Ecclesiae,
946 1423 1015 1488 sive
1040 1422 1245 1500 Monasterii,
1264 1444 1368 1508 usque

323 1533 341 1560 “
363 1525 407 1590 ad
443 1525 579 1591 finalem
615 1526 860 1614 expeditionem
899 1524 1025 1612 negotii
1056 1523 1225 1590 electionis
1256 1523 1370 1608 hujus-

322 1634 343 1664 “
364 1629 461 1706 modi,
499 1633 661 1715 quatenus
697 1629 733 1694 in
768 1629 863 1695 nobis
892 1628 967 1709 fuit,
1004 1627 1214 1714 praefiximus,
1249 1627 1368 1692 statui-

323 1735 342 1766 “
365 1751 447 1810 mus,
470 1734 505 1795 et
528 1729 776 1812 1limitavimus,
800 1735 871 1796 tem
897 1731 991 1796 nobis
1014 1729 1102 1816 ipsis,
1122 1734 1203 1796 tunc
1226 1751 1368 1816 praesen·

322 1838 341 1866 “
363 1833 461 1912 tibus,
490 1854 591 1919 quam
621 1833 723 1898 etiem
760 1833 913 1899 omnibus
948 1832 1022 1898 aliis
1055 1837 1137 1898 tunc
1166 1817 1366 1913 absentibus,

322 1935 477 2021 “quiin
501 1935 636 2022 negotio
660 1936 828 2002 electionis
853 1935 1044 2021 hujusmodi
1068 1934 1201 2012 vellent,
1226 1940 1368 2022 possent,

321 2043 398 2104 “et
432 2039 597 2118 deberent,
631 2039 798 2105 commode
832 2039 997 2118 interesse,
1016 2037 1182 2103 'volentes
1219 2043 1254 2103 et
1291 2059 1367 2104 con·

323 2141 542 2207 “sentientes
576 2147 656 2207 tunc
696 2141 828 2223 ibidem,
865 2142 954 2228 quod
985 2140 1029 2206 ad
1065 2140 1154 2206 diem
1186 2145 1220 2207 et
1258 2142 1366 2207 locum

321 2253 340 2278 “
361 2243 559 2331 hujusmodi,
590 2245 636 2310 sic
665 2249 810 2312 statutos
840 2245 912 2310 sive
942 2244 1112 2323 limitatoe‚
1138 2266 1250 2311 omnes
1279 2237 1366 2311 'com-

322 2355 341 2382 “
363 2347 515 2412 monachi
540 2353 574 2412 et
600 2347 778 2413 confratres
804 2348 918 2426 nostri,
938 2349 967 2413 si
993 2349 1051 2434 qui
1074 2348 1226 2414 absentes
1249 2346 1367 2426 forent,

322 2458 342 2485 “
364 2455 399 2516 et
421 2449 479 2536 qui
499 2449 657 2516 interesse
679 2451 716 2515 in
730 2473 770 2516 ea
784 2455 878 2538 parte
897 2451 1066 2530 haberent,
1081 2455 1122 2518 ut
1141 2451 1366 2538 praemittitur,

322 2552 548 2640 “specialiter
572 2559 777 2631 vocarentur,
804 2559 838 2619 et
868 2553 979 2620 debite
1009 2555 1294 2641 praemunirentur,
1324 2553 1368 2618 ad

322 2663 340 2690 “
361 2655 615 2742 comparendum
629 2661 665 2721 et
679 2655 921 2743 procedendum
943 2657 980 2721 in
994 2654 1184 2743 hujusmodi
1199 2653 1366 2721 electionis

323 2764 342 2794 “
363 2759 505 2846 negotio,
523 2758 625 2845 juxta
638 2758 725 2844 juris
747 2759 955 2846 exigentiam,
974 2762 1011 2824 et
1032 2757 1220 2843 hujusmodi
1240 2759 1367 2845 negotii

324 2861 566 2948 “qualitatem
612 2861 668 2926 Ad
691 2881 772 2947 quos
798 2860 931 2948 quidem
955 2860 1042 2926 diem
1067 2859 1233 2926 stlocum
1256 2860 1367 2925 vocati

323 2971 341 3001 ‘⁴
362 2963 503 3042 fuerunt,
528 2969 563 3029 et
589 2961 785 3030 sufficienter
810 2962 1011 3050 praemuniti,
1037 2983 1149 3028 omnes
1183 2967 1217 3028 et
1242 2961 1365 3049 singoli

324 3065 544 3133 “confratres
574 3070 610 3132 et
641 3065 865 3131 commonachi
890 3064 1006 3144 nostri,
1038 3065 1079 3130 de
1106 3064 1181 3150 jure
1209 3086 1267 3130 seu
1290 3085 1366 3130 con-

323 3175 341 3246 ‘f
362 3169 536 3235 suetudine
566 3167 812 3254 quomodolibet
845 3167 1002 3233 evocandi
1028 3167 1071 3232 ad
1103 3171 1213 3233 actum
1245 3189 1366 3233 memo-

324 3280 341 3307 “
363 3278 480 3338 ratum.
528 3270 602 3351 Quo
627 3271 761 3357 quidem
787 3270 841 3336 die
870 3269 1105 3336 sexto-decimo
1134 3269 1217 3336 dicti
1246 3271 1367 3336 mensis

324 3381 342 3408 “
363 3374 519 3440 Januarii
542 3372 747 3454 adveniente,
772 3373 874 3438 Missa
897 3373 939 3438 de
958 3373 1079 3439 Sancto
1104 3372 1242 3461 Spiritu,
1256 3379 1297 3440 ut
1316 3379 1367 3440 est

323 3485 340 3512 “
363 3477 472 3556 moris,
488 3477 525 3541 in
549 3475 638 3542 dicta
659 3481 775 3542 nostre
793 3476 938 3541 Ecclesia
958 3476 1188 3556 Conventuali,
1214 3479 1257 3543 ad
1277 3501 1366 3543 sum-

325 3588 342 3615 “
362 3601 454 3644 mum
477 3579 581 3644 altare
601 3578 747 3665 ejusdem
770 3579 920 3656 ecclesiae,
942 3601 1050 3644 coram
1077 3579 1172 3656 nobis
1196 3580 1366 3658 celebrata,

323 3689 341 3717 “
363 3681 407 3746 ad
436 3686 472 3746 et
501 3681 538 3746 in
566 3680 689 3746 dictam
719 3681 863 3746 Domum
894 3681 1116 3768 Capitularem
1146 3681 1228 3747 dicti
1260 3683 1366 3748 nostri

323 3790 340 3818 ‘⁴
362 3784 560 3865 monasterii,
581 3805 651 3860 nos,
671 3782 766 3848 Prior
785 3787 819 3848 et
843 3782 1033 3849 Conventus
1051 3783 1209 3870 praedicti‚
1233 3785 1366 3850 accessi-

323 3892 341 3921 ‘¹
362 3907 444 3964 mus,
478 3891 511 3951 et
553 3885 794 3972 comperuimus
831 3885 1046 3972 personaliter
1087 3890 1167 3951 tunc
1213 3886 1364 3968 ibidem3

324 3997 341 4023 “
363 3989 524 4067 videlicet,
540 4009 606 4067 nos,
622 3987 808 4053 Willelmus
822 3988 941 4064 Albon,
957 3987 1051 4054 Prior
1070 3989 1151 4054 dicti
1167 3990 1366 4068 monasterii,

324 4099 342 4127 “
364 4097 399 4157 et
437 4091 561 4157 Doctor
602 4091 640 4155 in
679 4089 836 4170 Decretis,
878 4089 902 4155 J
904 4090 1049 4158 ohannes
1088 4091 1366 4171 Whethamstede,

323 4203 342 4229 “
363 4193 471 4260 Secrae
493 4193 627 4282 Paginac
649 4191 824 4274 Professor,
847 4191 1014 4259 Johannes
1030 4192 1166 4278 Peyton,
1187 4193 1310 4260 Doctor
1329 4194 1366 4259 in

326 4296 513 4363 “Decretis
551 4299 588 4362 et
628 4295 724 4360 Prior
760 4294 1019 4382 Walingfordiae,
1062 4295 1227 4360 Robertus
1257 4295 1365 4376 Wem,

325 4405 342 4434 “
364 4398 550 4464 Willelmus
595 4396 791 4485 Dunstaple‚
836 4397 1001 4464 Robertus
1039 4397 1200 4477 ”Baeuen
1249 4398 1367 4465 Petrus

323 4507 341 4536 “
363 4499 507 4587 Weleys,
532 4499 674 4566 Thomas
699 4498 869 4586 Sudbury,
892 4499 1057 4566 Robertus
1082 4498 1277 4587 'Ounesbpss
1305 4501 1367 4566 (lo-

516 4649 610 4656 .--——

357 4719 540 4769 ¹b'mitamusin
551 4718 608 4769 MS.
906 4717 917 4748 ³
940 4718 977 4769 Or
1001 4717 1116 4782 ornate
1126 4739 1136 4776 ,·
1158 4720 1178 4770 it
1199 4719 1221 4770 is
1239 4721 1367 4771 uncertain

357 4799 420 4850 ’Sic
437 4801 463 4849 in
479 4799 552 4860 Ms.;
570 4801 587 4828 “
598 4797 680 4848 Bccer
693 4798 708 4824 ”
726 4797 749 4848 is
765 4811 823 4861 pro-
873 4795 965 4847 which.

327 4879 402 4946 bebly
412 4880 456 4929 the
467 4883 564 4929 correct
574 4877 646 4927 form.
