3668 5842
475 837 540 902 234
808 851 1008 902 ausrs‘rauu
1030 850 1189 902 suasum

302 1046 489 1110 s.1).1rss.“
510 1040 738 1129 praejudicium
770 1045 929 1120 nostrum,
963 1045 1024 1107 aut
1053 1041 1203 1122 aliorum,
1238 1051 1319 1109 tuno
1355 1041 1398 1108 ad
1435 1045 1523 1129 quod

470 1152 488 1180 ‘¹
510 1142 700 1224 ¹damnum,
725 1147 760 1211 et
782 1145 871 1231 quod
893 1144 1122 1232 praejudicium
1144 1148 1304 1224 nostrum,
1328 1149 1362 1211 et
1377 1147 1419 1212 ad
1435 1147 1523 1235 quod

469 1253 487 1282 “
509 1246 698 1328 1damnum,
729 1251 764 1314 et
804 1248 892 1335 quod
926 1247 1154 1334 praejudieium
1191 1247 1341 1327 aliorum,
1372 1271 1521 1336 quorum,

467 1358 484 1387 “
506 1350 657 1438 qualiter,
689 1356 723 1417 et
760 1350 933 1437 quomodo,
965 1351 1021 1417 vel
1055 1351 1096 1416 de
1127 1371 1200 1438 quo,
1233 1350 1287 1416 vel
1320 1350 1361 1417 de
1392 1351 1520 1439 quibus,

467 1457 485 1489 “
507 1452 666 1539 praedicta
694 1453 908 1541 mesuagium,
937 1452 1008 1520 siva
1046 1457 1283 1532 tenementum,
1321 1475 1396 1519 oum
1433 1455 1519 1535 kaio,

465 1561 483 1591 “
505 1561 665 1634 teneatur,
689 1558 725 1620 et
746 1576 805 1642 per
828 1554 917 1642 quod
947 1555 1131 1634 servitium,
1154 1559 1189 1620 et
1212 1555 1364 1640 qualiter,
1382 1561 1418 1623 et
1439 1579 1520 1644 quo·

464 1665 481 1695 “
503 1660 610 1741 modo,
633 1663 668 1726 et
699 1664 863 1747 quantum
893 1659 1006 1725 valeat
1034 1681 1094 1746 per
1127 1679 1262 1736 annum,
1297 1659 1332 1724 in
1366 1660 1519 1728 omnibus

463 1767 482 1797 “
503 1762 656 1843 exitibus,
675 1763 775 1850 juxta
809 1785 924 1829 verum
955 1762 1103 1828 valorem
1125 1762 1303 1828 eorundem
1314 1787 1323 1843 ;
1346 1767 1382 1828 et
1404 1765 1461 1852 qui
1483 1770 1519 1831 et

464 1871 586 1953 “quot
615 1871 696 1932 sunt
720 1866 820 1934 medii
852 1867 1024 1932 internos
1055 1869 1090 1931 et
1120 1864 1277 1954 praefatos
1304 1865 1517 1954 Radulpbum

462 1975 479 2003 “
502 1967 663 2034 Botteller
699 1973 733 2034 et
770 1967 959 2034 «Iohannem
998 1966 1119 2034 Hando
1157 1967 1198 2032 de
1236 1969 1411 2055 mesuagio,
1446 1972 1517 2035 sive

463 2079 482 2107 “
504 2075 701 2148 tenemento,
725 2074 760 2137 et
781 2071 879 2157 kayo,
902 2069 1087 2157 praediotis;
1110 2073 1145 2136 et
1168 2091 1243 2157 quae
1265 2075 1364 2138 terrae
1387 2077 1421 2136 et
1442 2093 1517 2158 quae

461 2181 480 2212 “
502 2177 693 2240 tenemeuta
726 2172 849 2238 eisdem
886 2171 1088 2260 2Radulpho
1127 2171 1266 2238 Botiller
1303 2177 1338 2238 et
1368 2172 1517 2239 Johanni

462 2286 480 2314 “
504 2276 634 2354 flenda,
649 2276 739 2341 ultra
761 2275 976 2343 donationem
998 2281 1033 2342 et
1054 2275 1312 2364 assignationem
1334 2275 1516 2363 praediotas,

461 2389 479 2415 “
501 2383 701 2456 remaneant,
717 2382 752 2448 et
768 2379 836 2460 ubi,
852 2383 887 2444 et
901 2379 943 2444 de
958 2400 1032 2466 quo,
1048 2379 1104 2445 vel
1123 2378 1164 2445 de
1180 2379 1306 2464 quibus,
1322 2381 1517 2462 teneantur3

461 2491 479 2518 “
501 2488 536 2549 et
558 2505 615 2570 per
645 2481 734 2570 quod
768 2481 949 2559 servitium,
982 2485 1017 2547 et
1052 2481 1206 2568 qualiter,
1230 2487 1264 2547 et
1287 2483 1459 2568 quomodo,
1481 2489 1516 2549 et

460 2589 663 2673 “quantum
692 2583 827 2649 valeant
858 2605 916 2670 per
949 2604 1075 2649 annum
1107 2584 1145 2649 in
1168 2584 1320 2649 omnibus
1347 2584 1494 2650 exitibus
1506 2610 1515 2665 3

460 2697 477 2724 “
500 2694 535 2756 et
560 2689 589 2754 si
618 2693 717 2754 terrae
740 2691 774 2752 et
796 2690 989 2751 tenementa
1012 2685 1134 2752 eisdem
1158 2685 1333 2774 Radulpho
1359 2687 1515 2753 Bottiller

460 2798 536 2860 “et
572 2789 719 2858 Johanni
753 2788 883 2870 flenda,
920 2789 1012 2854 ultra
1045 2789 1259 2854 donationem
1297 2794 1332 2856 et
1368 2789 1514 2876 assigna-

459 2895 623 2961 “tionem
657 2891 841 2979 praedictas,
873 2891 1089 2970 remanentia,
1124 2889 1290 2956 sufficiant
1311 2890 1355 2956 ad
1381 2913 1515 2958 consue·

459 3006 476 3036 “
498 2999 631 3064 tudines
653 3001 689 3062 et
720 2992 858 3062 servitia
880 2997 952 3059 tam
975 2993 1016 3058 de
1050 2992 1217 3081 praedietis
1240 2993 1418 3080 mesuagio,
1443 2993 1513 3060 sive

458 3111 477 3138 “
499 3104 697 3180 tenemento,
723 3102 757 3162 et
780 3096 869 3176 kaio,
885 3095 931 3161 sio
953 3093 1050 3175 datis,
1073 3116 1173 3182 quam
1198 3095 1239 3161 ds
1264 3095 1337 3160 aliis
1358 3095 1455 3161 terris
1478 3101 1512 3162 et

457 3213 474 3242 “
498 3202 694 3271 tenementis
717 3199 780 3266 sibi
802 3196 948 3281 retentis,
967 3197 1079 3263 debite
1101 3197 1260 3277 facienda,
1285 3196 1381 3264 etad
1402 3197 1511 3264 omnia

458 3317 475 3344 “
497 3307 563 3372 alia
577 3326 676 3370 onera
692 3323 767 3388 quae
781 3300 1012 3366 sustinuerunt
1027 3304 1061 3365 et
1084 3299 1245 3366 sustinere
1260 3305 1510 3378 consueverunt,

457 3415 476 3444 “
498 3412 538 3474 ut
567 3407 605 3472 in
638 3405 744 3482 saetis,
773 3403 909 3481 visibus,
942 3401 1168 3489 franoiplegiis,
1191 3401 1334 3482 auxiliis,
1357 3401 1511 3490 tallagiis,

458 3517 476 3548 “
498 3508 631 3597 vigiliis,
659 3505 791 3586 finibus,
815 3503 1105 3591 redemptionibus,
1137 3504 1406 3583 amareiamentis,
1436 3526 1511 3570 oon-

457 3622 475 3649 “
496 3609 746 3688 tributionibus,
768 3612 803 3674 et
837 3607 911 3672 aliis
943 3606 1193 3694 quibuscunque
1223 3606 1378 3672 oneribus
1408 3628 1512 3672 emer-

457 3725 475 3751 “
496 3714 660 3803 gentibus,
700 3709 913 3791 sustinenda3
952 3713 987 3774 et
1037 3708 1124 3796 quod
1172 3708 1274 3775 iidem
1315 3709 1511 3798 liudulphus

457 3828 475 3856 “
498 3815 651 3884 Bottiiler
681 3818 717 3881 et
749 3813 920 3880 Johannes
952 3811 1073 3878 Hende
1098 3811 1135 3876 in
1165 3812 1285 3891 assisis,
1312 3812 1444 3898 juratis,
1477 3818 1511 3879 et

457 3928 475 3958 “
497 3921 570 3987 aliis
591 3915 869 4007 recognitionibus
893 3913 1142 4002 quibuscunque
1157 3914 1236 4001 poni
1258 3916 1394 4002 possint,
1410 3921 1510 4003 prout

455 4033 473 4060 “
495 4029 574 4090 anta
611 4020 823 4088 donationem
861 4023 895 4084 et
933 4016 1185 4104 assignationem
1222 4015 1398 4103 predictas
1430 4018 1509 4104 poni

455 4139 472 4165 “
494 4127 759 4204 consueverunt3
798 4121 848 4186 ita
879 4120 967 4207 quod
1000 4118 1120 4206 patria,
1142 4141 1200 4207 per
1233 4119 1444 4186 donatiouem
1474 4125 1509 4186 et

455 4226 753 4316 “assignationem
785 4222 870 4301 illas,
900 4222 937 4286 in
970 4221 1116 4307 ipsorum
1151 4221 1319 4309 Radulpbi
1352 4222 1509 4290 Bottilier

426 4343 471 4370 “‘
494 4338 528 4400 et
575 4328 740 4396 «Iohannis
778 4324 897 4391 Hsnde
944 4323 1117 4403 defeotum,
1154 4323 1259 4412 magis
1296 4324 1393 4390 solito
1439 4345 1507 4390 non

457 4443 475 4472 “
499 4438 663 4510 oneretur,
687 4451 743 4496 seu
777 4430 943 4516 gravetur.
988 4425 1034 4492 Et
1057 4425 1309 4513 inquisitionem
1331 4426 1418 4510 inde,
1441 4427 1507 4493 dis-

454 4547 473 4576 “
495 4539 600 4605 tincta
615 4539 650 4602 et
664 4535 778 4622 aperte
793 4529 924 4608 motam,
939 4527 1035 4594 nobis
1048 4527 1084 4592 in
1097 4527 1334 4594 Oanoellariam
1348 4535 1503 4608 nostram,

487 4785 740 4856 ammaus.
968 4780 974 4848 ι
1020 4779 1262 4847 sarmatius.
