3582 5838
454 877 631 930 sonamus
654 877 938 928 cremauerunt
960 875 1139 930 sucorum.
1260 860 1323 926 165

280 1070 300 1101 “
323 1087 386 1154 que
415 1087 527 1134 rursus
556 1063 593 1132 in
614 1089 753 1155 regnum
775 1065 966 1132 thesaurum
995 1065 1089 1132 illum
1112 1066 1168 1152 qui
1197 1085 1325 1131 omnem
1338 1077 1408 1129 Am.
1423 1084 1495 1131 rste.

281 1175 298 1204 ‘⁸
322 1171 504 1256 lexuperat
526 1191 665 1248 sensum,
688 1190 809 1258 pacem,
823 1169 985 1250 videlicet,
1000 1168 1212 1255 tranquillam
1235 1172 1326 1232 utro·

283 1271 422 1356 “bique
451 1273 487 1336 in
518 1271 670 1337 omnibus
700 1271 823 1338 finibus
853 1273 932 1358 ejus,
960 1272 1135 1337 induamus
1164 1293 1224 1338 nos
1254 1291 1327 1357 per·

280 1380 435 1440 “sonam
459 1373 549 1439 Joab
579 1373 704 1452 militis,
735 1379 778 1456 et,
799 1374 877 1440 licet
899 1374 972 1440 Rex
1001 1380 1122 1452 noster,
1151 1373 1194 1439 ad
1222 1374 1328 1438 instar

280 1476 457 1542 “alterius
487 1476 607 1554 David,
638 1477 766 1542 nitatur
797 1477 925 1542 salvare
958 1477 1140 1542 maximum
1170 1476 1210 1542 de
1237 1476 1327 1542 facto

283 1589 300 1614 “
323 1577 547 1644 adversarium
563 1600 668 1657 suum,
682 1579 858 1667 infigamus
873 1577 1104 1645 2nihilominus
1119 1583 1246 1644 nostras
1260 1583 1328 1642 tres

284 1688 302 1716 “
324 1681 451 1746 lanceas
473 1681 561 1747 infra
582 1681 708 1747 viscora
730 1682 842 1769 ipsius,-
856 1681 914 1768 qui
936 1681 1058 1747 nedum
1080 1681 1183 1758 nobis,
1206 1679 1329 1766 ⁸quin·

284 1791 301 1822 “
323 1784 434 1866 immo,
448 1784 539 1871 plebi
554 1791 589 1850 et
610 1784 725 1850 multis
746 1784 941 1871 proceribus,
957 1791 1051 1850 extat
1074 1783 1216 1850 maxime
1239 1783 1330 1848 odio-

284 1892 303 1923 “
325 1909 400 1966 sns3
431 1887 536 1966 nobis,
567 1892 700 1974 propter
738 1908 869 1952 causam
901 1887 1031 1967 dictam,
1066 1886 1163 1973 plebi,
1196 1891 1330 1972 propter·

283 1993 304 2024 “
327 1988 567 2054 Normanniam
591 1989 804 2076 deperditam,
826 1989 1022 2077 proceribus,
1043 2009 1131 2067 vero,
1154 1988 1232 2075 quia
1252 1987 1330 2052 licet

285 2099 302 2126 “
324 2091 464 2178 spuriosi
501 2090 730 2177 dimidiatiqus
767 2092 935 2179 sanguinis
973 2091 1082 2170 firerit,
1112 2090 1330 2175 habueritque

265 2192 303 2227 '“
325 2198 451 2280 patrem
474 2194 532 2278 qui
548 2193 589 2258 de
611 2192 769 2279 ⁴privata
791 2193 926 2258 muliere
949 2215 1158 2281 procreamen
1180 2191 1329 2278 sumpsit,

285 2303 302 2330 ‘⁴
325 2296 486 2384 acceptior
508 2299 620 2361 tamen
643 2301 693 2361 est
714 2296 857 2362 Domino
872 2297 965 2383 Regi,
980 2318 1018 2362 ac
1041 2297 1141 2362 etiam
1164 2296 1200 2360 in
1222 2316 1332 2360 amore

285 2402 305 2432 “
327 2399 439 2478 carior,
455 2398 608 2464 omnibus
626 2398 700 2464 aliis
715 2398 772 2484 qui
795 2405 874 2464 sunt
889 2400 968 2466 clari
989 2399 1177 2487 integrique
1199 2397 1331 2484 sangui-

287 2507 307 2535 “
329 2500 389 2578 nis,
422 2501 641 2586 majoremque
669 2501 821 2588 gratiam,
844 2522 910 2567 non
940 2503 1062 2588 absque
1092 2500 1332 2588 dedignatione,

289 2609 310 2639 “
332 2603 503 2689 derisuque
525 2603 657 2668 illorum
674 2603 831 2685 omnium,
846 2604 1019 2672 adinvenit
1040 2606 1076 2670 in
1099 2605 1200 2672 oculis
1221 2602 1332 2690 ipsius.

289 2706 490 2771 “Omnibus
527 2706 642 2792 utique
683 2705 756 2772 istis
791 2706 828 2777 in
866 2729 992 2794 genere,
1031 2708 1135 2787 nobis,
1170 2707 1332 2784 videlicet,

289 2816 306 2843 “
330 2807 427 2895 plebi,
460 2812 495 2873 et
524 2808 711 2894 proceribus
741 2807 824 2889 aliis,
855 2810 933 2895 quia
963 2831 1030 2876 suae
1059 2811 1245 2896 imputatur
1274 2809 1335 2873 im-

291 2917 310 2944 ‘⁴
332 2909 523 2995 prudentie,
544 2909 696 2988 defectui,
720 2916 754 2976 et
776 2910 1017 2998 ⁶negligentiae‚
1040 2912 1127 2999 quod
1151 2917 1241 2978 totus
1265 2911 1335 2976 Du·

290 3017 423 3076 “catus
462 3012 653 3098 Aquiteniae
690 3019 725 3077 et
762 3012 954 3078 Vaschoniae
991 3013 1100 3080 fuerat
1136 3013 1336 3102 deperditus,

291 3121 310 3149 “
331 3112 587 3201 interfectusque
624 3113 747 3180 ibidem
785 3113 820 3178 in
858 3113 945 3180 bello
989 3115 1044 3180 ille
1081 3116 1195 3181 valens
1233 3115 1335 3196 miles,

291 3223 310 3250 “
332 3216 425 3280 miles
446 3216 502 3282 ille
525 3222 689 3294 strenuus,
714 3215 808 3281 miles
830 3216 885 3281 ille
907 3217 1065 3305 egregius,
1094 3239 1158 3303 quo
1180 3218 1217 3282 in
1238 3217 1336 3284 rebus

293 3317 457 3384 “bellicis
487 3341 547 3384 nec
588 3317 707 3384 fortior
747 3323 818 3385 erat
855 3317 980 3385 Hector
1020 3319 1108 3406 apud
1145 3319 1337 3408 “Phrygios

293 3419 488 3486 “audacior
523 3422 613 3508 Ajax
650 3421 740 3507 apud
778 3421 901 3499 Graios,
941 3421 1084 3488 Achilles
1121 3421 1173 3488 vel
1210 3421 1338 3490 lacrior

291 3527 310 3556 ‘⁶
333 3521 421 3586 inter
447 3521 576 3604 hostes3
606 3521 777 3602 Dominus,
806 3522 969 3602 videlicet,
991 3523 1159 3590 Johannes
1188 3524 1338 3606 ⁸Talbot,

292 3631 308 3658 ‘⁴
333 3623 449 3690 Comes
472 3624 621 3712 Selopiae,
644 3624 705 3690 flos
721 3629 756 3690 et
777 3625 875 3691 decus
897 3626 1001 3692 totius
1026 3627 1063 3692 in
1090 3628 1212 3714 Anglia
1226 3629 1339 3716 gloriae

294 3731 312 3760 ‘⁶
335 3725 496 3791 militaris
556 3726 695 3813 Propter
722 3727 782 3792 hae
811 3727 927 3813 utique
961 3749 1082 3808 causas,
1114 3735 1149 3795 et
1178 3733 1339 3818 praecipue

292 3835 310 3862 “
333 3829 412 3914 qnia
440 3829 548 3895 dictus
578 3835 689 3896 noster
718 3830 926 3895 adversarius
955 3831 1072 3897 circuit
1101 3833 1240 3913 assidue,
1263 3834 1341 3918 quia

294 3937 313 3964 “
335 3930 493 4016 quotidie,
523 3937 682 4018 tanquam
705 3931 780 3997 ⁹leo
811 3933 952 4018 rugiens,
986 3956 1135 4020 quaerens
1168 3937 1248 4013 vias,
1272 3957 1340 4001 mo-

292 4037 313 4067 “
336 4033 405 4112 dos,
427 4038 463 4099 et
485 4035 603 4114 medic,
634 4035 755 4121 quibus
785 4034 823 4100 in
843 4035 989 4121 praedam
1014 4037 1137 4101 nedum
1166 4059 1226 4103 nos
1247 4039 1341 4101 inva-

295 4142 312 4168 “
336 4137 411 4202 dere
433 4143 551 4224 posset,
574 4136 655 4222 quin
686 4137 786 4203 etiam
817 4137 937 4216 omnia,
960 4139 1116 4206 universa
1137 4144 1172 4205 et
1203 4139 1341 4227 singule,

329 4349 338 4382 ¹
350 4351 382 4401 In
393 4350 500 4402 allusion
512 4356 539 4402 to
550 4349 707 4416 Philippicas
717 4350 749 4402 iv.
762 4355 787 4402 7.
875 4349 996 4417 “ffrr'pr'oa
1005 4351 1032 4402 in
1043 4352 1103 4403 MS.

329 4429 554 4480 uictitmimin
566 4428 621 4482 MS.
874 4427 993 4480 ⁷ucoeior
1004 4431 1096 4483 inMS.

330 4509 342 4543 ⁸
353 4511 464 4574 quinyrno
475 4507 503 4557 in
514 4507 572 4560 MS.
875 4507 886 4539 ⁸
897 4507 1023 4560 Johannes
1034 4509 1131 4574 rator,
1139 4511 1222 4562 Comes
1229 4513 1344 4578 Salapia.

330 4589 340 4621 ⁴
354 4587 537 4639 samarcam
549 4605 580 4638 aa
587 4589 691 4652 privata
702 4587 800 4638 mulien
842 4586 1004 4652 -Mnrginal
1020 4589 1094 4652 Note,
1103 4592 1137 4656 by
1155 4591 1222 4642 Lcrd
1234 4592 1345 4644 Williarn

298 4676 377 4719 nuuc.
385 4697 418 4706 -
425 4665 550 4732 marginal
578 4667 652 4730 Note,
674 4667 707 4731 by
730 4669 799 4717 Lord
843 4667 963 4718 Howard.

300 4748 410 4800 william
422 4745 548 4808 Howard;
564 4747 763 4798 butcrroneous.
875 4743 1045 4798 ’Inallusicn
1057 4755 1107 4799 tol
1124 4749 1199 4800 Pater
1210 4768 1234 4800 v.
1246 4759 1269 4801 9.

330 4827 340 4858 ⁵
353 4825 513 4890 necpliycntiae
524 4825 550 4874 in
562 4825 618 4876 MS.
