3582 5838
473 897 646 948 rosensis
668 896 953 948 wssrususrans
975 897 1152 950 secusne.
1271 883 1334 948 189

287 1089 305 1119 “
326 1089 434 1162 tuum,
450 1082 491 1147 de
514 1082 711 1170 capitalibus
735 1082 877 1148 dominis
895 1082 984 1148 feodi
1006 1083 1105 1164 illius,
1120 1105 1179 1170 per
1200 1082 1506 1158 servitiss,n,1455‚

285 1192 303 1220 “
326 1184 404 1250 inde
417 1183 531 1250 debite
546 1189 581 1250 et
595 1184 722 1270 dejure
738 1189 899 1260 consuete
932 1184 978 1249 Et
992 1206 1053 1270 ego
1068 1207 1145 1250 vero
1160 1185 1338 1271 prssdiotus

286 1292 303 1322 “
329 1285 512 1352 Willelmus
521 1285 630 1365 Helle,
642 1291 676 1351 et
691 1286 835 1352 heeredes
846 1287 920 1363 mei,
935 1287 1130 1373 praedictum
1147 1286 1338 1365 manerium,

288 1397 306 1425 “
329 1409 403 1453 cum
435 1387 589 1454 omnibus
614 1388 800 1474 praemissis,
830 1393 865 1454 et
889 1387 1032 1475 singulis
1056 1389 1124 1453 suis
1150 1387 1282 1473 juribus
1303 1395 1339 1454 et

286 1499 303 1524 “
325 1489 533 1577 pertinentiis
559 1489 736 1577 preedictis,
758 1491 905 1576 prsefstis
931 1490 1059 1556 Abbati
1085 1495 1119 1556 et
1142 1491 1338 1570 Conventui,

287 1600 306 1628 “
328 1597 363 1658 et
377 1591 615 1658 successoribus
637 1592 714 1673 suis,
738 1597 852 1658 contre
876 1613 989 1658 omnes
1012 1597 1127 1680 gentes
1142 1593 1340 1658 wersntize-

287 1693 435 1760 “bimus
457 1693 519 1759 1in
548 1699 755 1781 perpetuum,
778 1700 813 1760 et
840 1694 1059 1760 defendemus.
1105 1694 1147 1758 In
1169 1694 1262 1780 cujus
1293 1694 1340 1759 rei

154 1807 159 1816 '
288 1804 306 1831 ‘⁶
327 1796 566 1876 testimonium,
601 1797 678 1862 huic
712 1796 869 1883 pressenti
900 1795 1023 1883 scripto
1055 1797 1199 1883 sigillum
1230 1817 1340 1860 meum

288 1897 413 1963 “duxi
446 1898 687 1985 apponendum.
733 1897 809 1963 Hiis
840 1898 991 1978 testibus,
1021 1898 1167 1964 Henrioo
1200 1897 1341 1983 Lymby,

289 2005 308 2036 “
331 1999 478 2066 Hemico
501 1999 642 2088 Wynge,
670 1999 812 2066 Ricardo
844 2000 1002 2081 Marione,
1031 1999 1198 2066 Willelmo
1229 2000 1340 2078 Esses,

288 2107 307 2136 ‘¹
330 2101 484 2167 Johenne
507 2101 723 2185 Fortune„et
745 2101 820 2168 aliis
852 2101 974 2170 multis.
1020 2101 1110 2168 Date
1140 2102 1228 2188 apud
1260 2102 1341 2167 Gar-

289 2212 308 2240 “
329 2209 433 2282 stone,
455 2203 639 2269 manerium
656 2225 766 2269 meum
789 2203 994 2291 praedictum,
1011 2209 1128 2270 octavo
1143 2203 1197 2269 die
1220 2203 1341 2269 mensis

289 2314 306 2341 “
329 2305 543 2392 Septembris,
573 2327 661 2371 enno
699 2306 791 2393 regni
828 2305 929 2392 Regis
963 2305 1109 2383 Henrici,
1133 2305 1228 2372 Sexti
1266 2317 1342 2392 post

290 2415 310 2442 “
335 2406 574 2498 Conquaestum
596 2406 736 2494 Angliae,
760 2406 926 2474 tricesimo
949 2406 1119 2473 secundo.''

293 2687 428 2756 Littera
443 2686 708 2768 dilelectionis,
725 2687 854 2756 directo
876 2687 1017 2756 cuidam
1038 2687 1173 2755 bomini
1197 2688 1237 2754 dc
1258 2689 1343 2755 cillo

380 2790 501 2858 Sancti
530 2790 672 2871 Albani,
704 2791 750 2858 ad
779 2790 1018 2878 recipiendum
1045 2790 1113 2856 vice
1143 2798 1173 2856 et
1202 2793 1342 2857 comico

380 2891 466 2959 dicti
491 2891 632 2959 Attalis
662 2892 826 2959 cossinum
857 2899 886 2958 et
916 2893 1156 2978 possessionem
1186 2892 1342 2959 manerii

382 2993 493 3074 illics,
517 2993 557 3060 dc
579 3015 645 3082 quo
659 2994 706 3080 fit
732 2993 859 3061 mentio
880 2993 923 3060 io
941 2992 1138 3080 premissis.

337 3127 355 3155 “
376 3119 541 3185 Noverint
571 3119 720 3185 universi
753 3139 812 3206 per
842 3124 1029 3205 praesentes,
1052 3139 1120 3197 nos,
1143 3118 1167 3184 J
1169 3119 1341 3199 ohannem,
1355 3133 1441 3184 letter
1451 3135 1483 3184 of

294 3229 310 3257 “
332 3221 555 3308 permissione,
578 3221 701 3300 divine,
725 3221 894 3287 Abbstem
926 3221 1120 3287 Monssterii
1146 3220 1262 3286 Sancti
1285 3208 1489 3330 Al-ffiffl’·

291 3327 309 3359 ‘⁸
333 3324 421 3402 bani,
453 3311 575 3402 fecisse,
609 3324 785 3404 ordinasse,
815 3323 1031 3402 constituisse,
1062 3328 1096 3389 et
1129 3322 1198 3389 loco
1230 3327 1342 3390 nostro
1356 3334 1401 3398 ing
1412 3333 1482 3383 John

294 3433 311 3462 “
334 3426 488 3514 posuisse,
511 3425 670 3492 dilectum
693 3425 789 3492 nobis
809 3426 848 3491 in
868 3425 1000 3491 Christo
1014 3425 1037 3490 J
1040 3425 1204 3492 ohannem
1220 3425 1342 3513 Wang-
1356 3399 1510 3517 gfflff

295 3534 312 3562 ‘⁴
334 3527 425 3594 forde
454 3531 604 3593 nostrum
626 3549 741 3593 verum
774 3533 809 3594 et
840 3527 1028 3613 legitimum
1059 3532 1274 3604 alternatum,
1300 3528 1343 3592 sd
1356 3532 1481 3584 seirinsor

294 3637 311 3664 “
333 3629 556 3718 recipiendum
578 3650 638 3716 pro
652 3629 748 3695 nobis
770 3634 805 3695 et
827 3629 960 3694 nomine
982 3633 1105 3710 nostro,
1121 3629 1162 3695 de
1178 3630 1344 3702 Willelmo
1356 3599 1508 3651 ‘hema'

295 3738 312 3764 “
335 3731 442 3809 Helle,
482 3732 523 3797 de
561 3730 831 3817 Schidlyngtone,
865 3731 902 3794 in
941 3728 1111 3796 Comitatu
1150 3731 1343 3808 Bedfordiae,

293 3841 311 3869 “
337 3831 546 3910 Gcottlmcso,
574 3832 628 3899 vel
658 3833 728 3917 ejus
759 3832 797 3897 in
828 3832 890 3898 hcc
920 3838 1014 3918 parte
1046 3839 1134 3898 certo
1165 3839 1343 3910 attornetO,

296 3939 315 3969 “
337 3934 468 4021 plenum
491 3940 526 4001 et
553 3933 722 4021 pacificam
745 3934 898 4000 seisinam
922 3956 960 4000 sc
990 3934 1226 4021 possessionem
1248 3933 1289 3998 de
1311 3940 1345 4000 et

297 4043 314 4070 “
337 4037 374 4102 iu
396 4042 468 4102 toto
492 4036 636 4102 manerio
659 4056 717 4102 suo
741 4036 782 4101 de
797 4035 967 4112 Gsrstone,
984 4057 1059 4100 cum
1075 4034 1228 4100 omnibus
1250 4035 1344 4100 terris

295 4145 314 4174 “
337 4143 372 4204 et
385 4139 593 4219 tenementis,
609 4137 723 4225 pratis,
740 4137 870 4224 pascuis
893 4142 926 4204 et
949 4138 1100 4225 pasturis,
1119 4135 1214 4217 haiis,
1229 4129 1348 4218 boscis,

297 4249 317 4276 “
337 4241 478 4328 sepibus,
509 4239 628 4318 ”vivis
659 4240 817 4327 piscariis,
847 4239 955 4319 moris,
986 4238 1147 4317 marescis,
1177 4238 1344 4304 omnibus-

298 4349 316 4377 “
337 4363 401 4429 que
430 4343 506 4408 aliis
527 4343 682 4429 proficuis
711 4346 746 4407 et
772 4340 1061 4408 commoditatibus
1085 4341 1173 4406 dicto
1198 4339 1345 4406 monerio

298 4448 317 4479 “
340 4443 611 4531 qualitercunque
626 4443 877 4532 pertinentibus,
892 4444 963 4508 sive
978 4441 1210 4529 spectantibus,
1219 4443 1345 4510 sitncto

297 4553 317 4581 “
337 4545 426 4612 infre
448 4546 640 4613 Parochism
671 4545 761 4612 villse
795 4547 837 4611 de
859 4545 1074 4626 Wetteforde,
1106 4543 1144 4610 in
1174 4545 1345 4612 comitatu

334 4801 633 4870 mammenus.
734 4841 737 4847 ,
824 4799 1165 4868 Ιέωρ.ιεε,Νοω5.
