3582 5838
519 919 692 970 sosianus
714 917 1000 968 wnmmnsrnnn
1021 915 1198 970 securos.
1313 901 1377 974 197

328 1109 347 1136 “
368 1100 530 1168 bonorum
550 1107 585 1168 et
607 1101 808 1183 catellorum,
823 1107 882 1167 ant
895 1102 1185 1189 imprisonamenta
1199 1123 1257 1170 seu
1271 1123 1375 1169 amer·
1387 1105 1456 1161 ΔΙ).
1471 1113 1543 1162 1⁴⁵⁵·

328 1213 345 1238 “
367 1204 531 1270 oiamema
566 1203 849 1282 communitatum,
880 1204 1042 1283 villarum,
1074 1206 1128 1271 vel
1157 1205 1374 1293 singularium

327 1315 345 1340 “
368 1309 587 1392 personarum,
610 1306 664 1372 vel
686 1307 722 1372 in
745 1306 968 1372 onerationem
990 1306 1166 1372 liberorum
1189 1307 1373 1374 tenentium

327 1416 346 1444 “
367 1429 488 1487 eornm,
510 1409 567 1496 qui
588 1409 969 1497 nunquamtransgressi
983 1409 1126 1490 fuerunt,
1142 1415 1183 1476 ut
1196 1411 1373 1488 haredum,

324 1517 344 1546 “
366 1515 588 1590 enecatorum,
611 1511 666 1576 vel
692 1516 789 1578 terrra
812 1511 1008 1594 tenentium,
1032 1511 1253 1592 Escaetorum
1276 1513 1374 1580 Vice-

326 1621 344 1648 “
366 1613 530 1691 comitum,
547 1613 794 1690 Oomnatorum,
811 1612 999 1680 stelionum
1015 1613 1212 1700 hujusmodi,
1227 1620 1262 1680 et
1278 1636 1374 1681 omne

328 1721 346 1750 “
367 1714 403 1780 id
425 1715 514 1802 quod
536 1716 580 1781 ad
600 1737 660 1782 nos
681 1736 795 1782 versus
816 1716 904 1802 ipsos
925 1716 1090 1782 Abbatem
1113 1723 1149 1784 et
1164 1716 1373 1784 conventum

325 1827 345 1852 “
368 1817 519 1905 pertinet,
542 1839 600 1884 seu
622 1818 785 1905 pertinere
807 1823 926 1905 posset,
957 1838 999 1883 ex
1030 1820 1136 1885 causis
1166 1819 1372 1906 supradictis.

325 1928 343 1956 “
366 1919 417 1984 Ao
438 1920 539 1986 etiam
561 1921 824 2008 perdonavimus,
854 1921 1048 2000 remisimus,
1078 1927 1111 1988 et
1141 1921 1372 2001 relaxavimus,

325 2022 487 2089 “eisdem
510 2022 636 2090 Abbati
659 2029 694 2088 et
718 2021 907 2090 Conventui
936 2024 1140 2090 omnimodas
1169 2024 1373 2104 donationes,

324 2133 342 2160 “
364 2125 585 2204 alienationes,
608 2131 643 2193 et
665 2126 924 2213 perquisitionee,
953 2148 1012 2213 per
1042 2127 1128 2214 ipsos
1149 2127 1318 2194 Abbatem
1339 2135 1373 2196 et

324 2235 343 2262 ‘⁴
366 2226 577 2294 Conventum
594 2227 633 2293 de
657 2227 754 2294 terris
776 2232 811 2293 et
832 2228 1030 2294 tenementis
1049 2229 1090 2294 de
1109 2230 1213 2308 nobis,
1228 2231 1285 2297 vel
1298 2252 1372 2318 pro-

324 2339 342 2366 “
364 2330 567 2418 genitoribus
582 2330 712 2408 nostris,
723 2329 890 2420 quondam
905 2331 1052 2418 Regibus
1067 2332 1207 2420 anglise,
1217 2333 1253 2398 in
1265 2334 1372 2422 capite

322 2439 342 2466 “
365 2431 489 2512 tentis;
515 2432 676 2498 scotiam
706 2432 910 2498 omnimodas
941 2433 1135 2501 donationes
1156 2440 1192 2501 et
1213 2436 1372 2523 perquisi-

324 2541 342 2570 “
365 2535 473 2600 tiones
495 2535 537 2600 ad
559 2554 694 2599 manum
717 2540 881 2600 mortuam
902 2534 1005 2602 factes
1028 2542 1063 2601 et
1083 2536 1224 2617 habitas,
1247 2539 1371 2626 absque

324 2645 342 2671 ‘¹
364 2635 498 2702 licentia
524 2635 629 2724 regia,
662 2657 787 2702 necnon
814 2637 1017 2704 omnimodas
1043 2639 1240 2706 intnrsiones
1262 2645 1298 2706 et
1320 2642 1371 2707 in-

324 2747 341 2773 “
362 2759 489 2825 gressum
515 2738 551 2804 in
576 2737 804 2804 haereditatem
835 2761 936 2818 snam,
960 2740 996 2804 in
1025 2746 1118 2828 parte
1141 2741 1195 2808 vel
1224 2742 1261 2808 in
1289 2749 1371 2823 toto,

323 2849 341 2876 “
363 2845 592 2926 postmortem
606 2845 845 2906 antecessorum
861 2861 1001 2919 suorum,
1018 2843 1140 2930 absque
1163 2844 1276 2910 debita
1296 2867 1369 2932 pro-

323 2948 340 2978 “
362 2942 528 3008 secutione
542 2941 696 3028 ejusdem,
712 2946 808 3008 extra
829 2963 961 3028 manum
985 2944 1108 3031 regiam
1129 2951 1206 3011 ante
1229 2947 1367 3014 eundem

321 3053 341 3080 “
363 3067 487 3111 nonum
507 3043 596 3110 diem
617 3044 703 3109 dnlii
725 3043 851 3122 factas;
873 3066 942 3111 una
965 3068 1038 3113 cum
1063 3048 1207 3115 exitibus
1233 3053 1267 3114 ct
1294 3072 1369 3137 pro·

322 3155 341 3182 “
362 3147 456 3213 ficuis
475 3147 552 3213 inde
575 3145 683 3212 medio
706 3152 852 3235 tempore
868 3149 1037 3235 perceptis.
1083 3150 1128 3214 Et
1150 3149 1284 3238 insuper
1297 3173 1369 3240 per-

322 3255 341 3285 ¹‘
364 3249 568 3328 donavimus,
591 3249 782 3328 remisimus,
803 3255 837 3315 et
858 3249 1086 3331 relaxavimus,
1103 3250 1224 3318 eisdem
1242 3253 1367 3318 Abbati

322 3361 340 3386 “
362 3356 397 3417 et
417 3350 605 3417 conventui
630 3351 833 3417 omnimodas
858 3373 971 3439 poenas
993 3357 1071 3419 ante
1096 3353 1221 3420 dictum
1244 3376 1368 3422 nonum

320 3453 448 3520 “diem
492 3452 578 3519 Julii
617 3452 798 3519 forislaetas
835 3475 943 3520 coram
984 3454 1079 3521 nobis
1120 3477 1177 3522 seu
1223 3456 1367 3524 Consilio

320 3565 339 3593 “
360 3563 482 3634 nostro,
513 3557 720 3634 cancellario,
750 3557 969 3638 Thesaurario‚
996 3581 1053 3624 seu
1082 3559 1192 3646 aliquo
1217 3561 1367 3647 judicum

321 3667 340 3696 “
362 3670 558 3738 nostrorum,
584 3680 643 3745 pro
672 3658 782 3745 aliqua
811 3681 916 3741 causa,
939 3665 974 3726 et
1000 3681 1112 3727 omnes
1138 3663 1217 3728 alies
1243 3685 1365 3750 poenas,

321 3771 339 3798 “
362 3767 431 3827 tam
468 3759 564 3827 nobis
601 3783 699 3848 quam
738 3761 903 3828 carissimo
941 3763 1027 3848 petri
1070 3769 1181 3829 nostro
1213 3764 1366 3832 defuncto

321 3870 340 3900 ‘⁴
362 3885 420 3951 per
440 3863 529 3951 ipsos
550 3862 715 3929 Abbetem
739 3869 773 3930 et
803 3863 1020 3945 conventum,
1041 3887 1102 3952 pro
1126 3864 1237 3951 aliqua
1262 3887 1365 3946 eausa,

320 3975 338 4000 “
360 3971 437 4032 ante
467 3964 607 4032 eundem
636 3985 760 4030 nonum
791 3965 879 4031 diem
908 3965 994 4031 Julii
1022 3965 1212 4042 forisfectes,
1251 3973 1285 4032 et
1321 3969 1364 4033 ad

320 4075 442 4156 “opus
479 4076 629 4132 nostrum
664 4067 831 4146 levandas,
863 4089 901 4134 ec
938 4067 1140 4134 omnimodas
1174 4069 1365 4136 securitates

320 4175 338 4205 ‘⁴
359 4169 449 4256 pacis
471 4174 549 4234 ante
571 4169 711 4234 eundem
734 4190 856 4235 nonum
881 4169 968 4236 diem
989 4168 1013 4234 J
1015 4169 1074 4234 ulii
1096 4169 1247 4234 similiter
1271 4170 1365 4236 foris·

318 4279 338 4307 “
359 4272 482 4351 factas3
512 4292 550 4337 ac
580 4271 681 4336 etiam
713 4271 835 4352 tertias,
859 4277 894 4339 et
916 4273 1087 4338 tertiarum
1111 4271 1235 4350 tertias,
1259 4273 1365 4338 omni-

319 4381 337 4407 “
358 4373 529 4438 modorum
560 4373 816 4459 prisoneriorum
848 4375 884 4439 in
918 4395 1036 4460 guerra
1068 4378 1245 4460 captorum,
1269 4374 1364 4440 nobis

318 4481 337 4510 “
359 4473 447 4541 dieto
477 4495 566 4540 nono
595 4475 649 4541 die
671 4474 756 4541 Juffi
780 4474 1074 4563 1qualitercunque
1100 4475 1237 4555 debitas,
1262 4477 1364 4564 perti-

318 4585 335 4612 “
357 4583 482 4658 nentes,
504 4597 561 4642 seu
583 4580 776 4664 spectantes,
799 4598 859 4662 per
882 4575 1011 4642 eosdem
1033 4576 1198 4642 Abbatem
1220 4583 1255 4644 et
1278 4577 1365 4644 Con·

320 4685 339 4714 ‘⁴
360 4685 518 4758 ventum;
541 4700 668 4746 necnon
691 4678 893 4744 omnimodos
916 4678 1193 4764 transgressiones,
1215 4681 1363 4760 offensas,

317 4807 565 4818 n—--—-—-—-·-
604 4811 610 4818 a

684 4855 691 4888 ¹
705 4853 890 4919 qualiacunque
902 4852 929 4904 in
939 4854 996 4908 MS.
