3582 5838
481 895 657 948 conanum
679 893 965 946 wsmsausrsns
988 893 1164 944 securos.
1284 877 1346 941 185

303 1090 322 1122 “
344 1105 516 1173 personam
541 1087 695 1162 vestram,
717 1083 935 1164 intendentes,
957 1082 1019 1149 sub
1041 1079 1262 1148 misericordia
1283 1077 1350 1145 Do·
1363 1083 1430 1136 M>-
1447 1089 1517 1136 1⁴55·

303 1192 321 1222 ‘⁴
343 1187 426 1252 mini
441 1185 633 1266 salvatoris,
649 1206 708 1273 per
729 1189 881 1250 nostrum
899 1185 1089 1262 adventum,
1104 1183 1149 1248 ad
1164 1182 1351 1269 ponendum

304 1295 324 1326 ‘⁴
345 1311 406 1355 nos
429 1311 504 1354 cum
529 1293 626 1354 tanta
656 1287 839 1373 diligentia,
868 1287 1042 1364 industria,
1067 1291 1101 1352 et
1123 1286 1243 1364 labore,
1267 1284 1352 1350 sicut

305 1398 323 1428 “
347 1396 457 1458 vester
472 1390 591 1478 aliquis
605 1391 704 1477 ligius
717 1390 817 1456 homo
832 1390 957 1469 vivens,
979 1389 1017 1453 in
1030 1387 1096 1454 hiis
1111 1387 1264 1453 omnibus
1278 1409 1352 1473 quae

305 1493 497 1580 “praeferre
520 1491 709 1579 1poterunt,
730 1514 787 1558 seu
810 1513 1012 1580 promovere,
1035 1491 1193 1556 honorem
1215 1495 1249 1555 et
1264 1510 1354 1576 pros·

305 1601 324 1631 “
345 1617 454 1682 peram
478 1594 657 1660 valituram
681 1595 779 1661 dictae
800 1600 921 1661 veetrae
943 1595 1042 1682 regiae
1064 1591 1280 1678 ²Majestatis,
1296 1613 1354 1658 seu

306 1705 324 1733 “
345 1699 457 1764 cedere
486 1697 626 1762 ulterius
655 1697 692 1762 in
722 1697 932 1764 securitatem
959 1701 993 1762 et
1015 1696 1141 1762 salvam
1171 1693 1355 1761 custodiam

306 1799 558 1866 “nobilissimae
589 1821 737 1886 personae
768 1805 897 1878 vestrae,
929 1820 1027 1886 quam
1059 1798 1095 1862 in
1125 1797 1208 1862 adeo
1236 1795 1355 1883 grandi

306 1910 323 1937 “
345 1903 467 1967 honore
490 1906 524 1966 et
546 1901 706 1967 felicitate
728 1902 771 1966 ad
792 1900 1050 1988 prosperandum
1079 1897 1140 1964 ³in
1162 1902 1355 1986 perpetuum

305 2004 493 2070 “divinam
530 2002 742 2090 imploramus
786 2002 1050 2082 misericordiam,
1087 2001 1173 2068 sicut
1209 2021 1356 2086 unquam

305 2104 598 2192 “prosperabatur
629 2106 780 2192 princeps
813 2104 934 2192 aliquis
970 2105 1055 2170 alius
1086 2103 1203 2170 vivens
1235 2101 1290 2167 hic
1319 2102 1355 2167 in

305 2213 325 2242 “
345 2208 451 2284 terris,
481 2211 515 2272 et
547 2208 596 2272 ita
625 2213 746 2274 vestrae
778 2206 975 2274 celsimdini
1008 2227 1068 2272 nos
1099 2211 1276 2292 acceptare,
1299 2205 1356 2270 ad-

306 2318 323 2345 “
344 2309 486 2388 mittere,
511 2313 545 2374 et
567 2315 729 2397 reputare,
746 2313 782 2376 et
796 2331 863 2375 non
886 2309 964 2375 dare
986 2308 1087 2374 fidem
1109 2329 1167 2374 seu
1189 2307 1356 2373 confiden-

307 2417 325 2448 “
346 2412 430 2477 tiam
467 2411 611 2498 aliquam
658 2411 809 2490 sinistris,
844 2411 1072 2492 fraudulentis,
1110 2415 1154 2476 et·
1183 2409 1356 2475 malitiosis

308 2512 514 2580 “laboribus
543 2513 737 2580 aemulorum
760 2518 956 2592 nostrorum,
978 2534 1082 2600 usque
1108 2513 1152 2578 ad
1174 2513 1356 2578 advemum
1440 2581 1444 2593 ¹

307 2618 326 2650 “
347 2619 498 2680 nostrum
524 2613 566 2680 ad
582 2616 706 2703 regium
729 2615 939 2703 praesentiam
955 2621 1108 2682 vestram.
1154 2615 1219 2680 cui
1240 2614 1356 2700 implo-

307 2723 326 2752 “
348 2739 459 2782 ramus
482 2717 584 2783 etiam
606 2717 779 2783 humiliter
792 2739 853 2782 nos
875 2717 1019 2796 admitti,
1034 2718 1119 2783 sicut
1141 2717 1254 2782 fideles
1276 2716 1356 2803 ligei

308 2825 323 2854 “
346 2820 456 2898 vestri,
473 2819 515 2884 ad
539 2819 779 2885 ostendendum
800 2820 968 2885 intentum
990 2819 1153 2884 adventus
1168 2818 1294 2898 nostri;
1316 2818 1357 2883 de

308 2928 325 2956 “
347 2943 411 3007 quo
426 2920 556 2987 intento
572 2921 627 2986 die
649 2922 740 3008 lapso
755 2921 942 3009 scripsimus
957 2922 1085 2987 litteras
1101 2921 1295 2987 Reverendo
1317 2921 1354 2986 in

306 3028 326 3058 ‘⁴
349 3023 481 3089 Christo
504 3024 606 3102 Patri,
622 3023 875 3110 Archiepiscopo
899 3023 1141 3101 Cantuariensi,
1164 3027 1198 3088 et
1221 3021 1355 3089 Cancel-

307 3133 324 3161 “
346 3123 428 3190 lario
442 3125 537 3212 regni
552 3127 662 3202 vestri,
678 3147 776 3191 causa
791 3125 986 3191 ostendendi
1009 3123 1207 3192 Oelsitudini
1229 3129 1356 3191 vestrae.

308 3233 325 3264 ‘¹
347 3228 393 3293 Et
408 3228 485 3314 quia
499 3229 668 3313 hucusque
682 3249 890 3315 nequaquam
905 3227 1077 3294 certificati
1092 3232 1227 3309 stamus,
1242 3232 1358 3293 utrum

308 3335 325 3364 ‘¹
347 3328 475 3394 dictum
504 3329 673 3395 intentum
704 3335 858 3395 nostrum
887 3328 932 3395 sit
961 3349 1019 3417 per
1048 3327 1156 3416 ipsum
1190 3334 1357 3396 ostensum

309 3437 328 3466 “
350 3432 421 3497 sive
439 3431 643 3497 declaratum
665 3437 786 3497 vestrae
808 3432 904 3498 bonae
926 3432 1053 3519 gratiae,
1068 3453 1177 3511 necne,
1194 3432 1358 3498 mittimus

309 3541 327 3570 “
350 3553 425 3598 cum
455 3532 578 3598 litteris
612 3532 676 3597 hiis
713 3534 835 3599 nostris
876 3533 994 3600 clamis
1032 3534 1157 3620 copiam
1194 3533 1357 3602 dictarum

308 3642 326 3671 “
348 3634 568 3721 epistolarum,
592 3640 779 3723 nostraeque
801 3635 1027 3722 dispositionis
1043 3657 1120 3723 erga
1135 3635 1260 3702 dictam
1282 3657 1355 3702 ves·

309 3743 328 3772 ‘⁴
351 3743 437 3801 tram
448 3736 696 3814 Excellentiam,
708 3741 743 3802 et
756 3757 943 3824 prosperam
955 3737 1132 3803 valituram
1143 3739 1236 3825 regni
1247 3739 1357 3804 vestri.

309 3838 459 3919 “Quam
483 3838 634 3925 prosequi
664 3838 881 3925 perficereque
902 3839 1116 3918 intendimus,
1147 3841 1209 3905 sub
1232 3840 1358 3905 miseri·

310 3947 328 3976 “
349 3940 460 4006 cordia
475 3940 612 4006 Domini
635 3939 854 4006 Plasmatcris
902 3940 966 4006 Oui
986 3962 1096 4028 preces
1118 3941 1295 4020 fundimus,
1319 3946 1358 4006 ut

309 4050 327 4078 “
348 4048 558 4129 prosperetur
577 4046 689 4107 vestra
711 4040 893 4128 ‘Majestas
916 4042 953 4107 in
976 4042 1127 4108 omnibus
1149 4040 1358 4132 “perenniter

310 4152 328 4180 ⁴‘
350 4144 422 4210 sine
444 4145 518 4211 fine.
563 4143 701 4208 Amen.’'

353 4245 543 4312 Subtractio
576 4245 699 4312 litterae
732 4244 835 4323 istius,
869 4269 912 4314 ne
940 4247 1071 4313 veniret
1102 4247 1146 4312 ad
1176 4251 1354 4332 aspectum,
1369 4259 1458 4310 Mesua

309 4348 380 4414 sire
416 4347 579 4428 notitiam,
617 4347 754 4413 Domini
791 4347 899 4436 Regis,
945 4349 1149 4414 ministravit
1183 4347 1355 4413 materiam
1368 4327 1526 4458 ffi’ghffi,

343 4644 505 4710 ¹poasiaein
515 4645 571 4697 MS.
891 4643 1145 4711 maceramus
1173 4645 1177 4660 ’

341 4723 618 4791 superaremus.
891 4722 1170 4792 ‘paternianus

342 4801 353 4838 ³
364 4805 537 4872 inperpetuum
548 4804 575 4856 in
587 4803 644 4856 MS.
