3668 5842
424 913 488 978 302
756 924 955 974 anomnaun
977 923 1131 973 annuum

257 1119 323 1172 M)-
339 1125 410 1172 14⁵8·
423 1122 441 1149 “
463 1116 551 1201 quod
573 1113 654 1180 dicti
676 1113 756 1178 Dux
786 1111 935 1190 Eboraci,
958 1111 1074 1177 Comes
1096 1111 1272 1198 Warwyoi,
1296 1116 1331 1177 et
1353 1110 1469 1177 Comes

422 1223 442 1251 “
464 1216 592 1296 Sarum,
615 1215 746 1281 solvant
779 1215 816 1279 in
845 1218 986 1301 utroque
1017 1235 1105 1280 anno
1134 1212 1299 1280 dictorum
1329 1215 1469 1280 duorum

424 1325 441 1354 ‘¹
463 1339 635 1400 annorum,
657 1322 736 1384 ante
767 1316 1048 1382 amortizationem
1082 1315 1241 1403 praedicto
1268 1315 1470 1383 Monasten'o
1519 1387 1523 1393 ,

422 1428 439 1458 “
461 1422 590 1501 factam,
627 1421 829 1509 praedictam,
868 1441 1031 1485 summam
1060 1418 1285 1506 quadraginta
1322 1418 1469 1506 quinque

420 1531 438 1559 “
461 1523 700 1602 librorumve]
723 1527 829 1588 ratam
852 1522 1041 1600 earundem,
1057 1522 1238 1588 secundum
1260 1520 1469 1588 afferentium

420 1636 436 1662 “
459 1628 622 1716 temporis,
655 1649 720 1713 quo
748 1626 836 1692 dicto
859 1623 1055 1691 monasterio
1085 1623 1303 1691 remanebunt
1333 1623 1469 1690 amorti-

419 1735 437 1765 “
460 1735 549 1796 zatae.
595 1731 641 1794 Et
661 1751 722 1794 nos
753 1727 956 1795 declaramus
978 1748 1037 1814 per
1058 1747 1202 1814 praesens
1232 1730 1383 1810 nostrum
1413 1725 1469 1792 de·

419 1839 436 1866 “
458 1837 584 1898 oretum
607 1837 641 1898 et
663 1831 910 1909 ordinationem,
927 1837 961 1896 et
980 1830 1133 1897 volumus
1156 1831 1243 1918 quod
1265 1829 1467 1896 intellectum

417 1935 503 2000 “sit
538 1957 597 2023 per
635 1955 748 2000 omnes
785 1937 914 2000 nostros
952 1932 1110 2011 subditos,
1142 1930 1231 2018 quod
1268 1931 1349 1999 dicti
1380 1931 1470 2010 Dux,

419 2042 436 2074 ‘⁸
460 2037 584 2114 Comes,
609 2041 644 2102 et
674 2036 847 2116 Dominus,
871 2036 919 2103 aio
950 2035 1057 2113 occisi,
1080 2035 1225 2113 fuerunt,
1246 2038 1326 2100 ante
1355 2055 1468 2100 eorum

393 2143 396 2153 ⁴
419 2145 438 2177 “
459 2145 609 2220 mortem,
625 2139 716 2205 omni
737 2143 894 2226 tempore,
910 2159 948 2204 ac
971 2137 1072 2204 etiam
1094 2136 1258 2216 obierunt,
1271 2137 1377 2204 nostri
1398 2137 1469 2204 veri

419 2249 438 2279 “
461 2248 495 2309 et
517 2241 630 2307 fideles
652 2241 751 2328 ligei3
782 2246 817 2307 et
846 2242 892 2308 sio
920 2262 981 2327 pro
1011 2262 1101 2308 nuno
1130 2241 1315 2327 accipimus,
1337 2245 1469 2328 reputor

419 2351 437 2380 “
458 2365 542 2424 mus,
571 2350 728 2423 tenemus,
752 2348 787 2410 et
818 2343 1029 2425 declaramus,
1052 2348 1123 2409 tam
1153 2343 1237 2410 bene
1266 2344 1362 2431 ipsos,
1384 2343 1469 2411 sicut

420 2455 439 2482 “
460 2451 495 2512 et
517 2453 647 2512 nostros
676 2445 850 2533 praedictos
880 2446 1146 2534 consanguineos,
1168 2446 1293 2512 Ducem
1318 2444 1469 2526 Eboraci,

419 2557 436 2583 ‘¹
459 2548 603 2614 Oomites
625 2547 793 2633 Warwyci
823 2552 857 2613 et
887 2547 1028 2628 Sarum3
1057 2551 1091 2613 et
1121 2548 1168 2613 sio
1197 2547 1349 2612 volumus
1380 2547 1468 2634 quod

420 2658 439 2687 ‘⁴
461 2651 529 2716 sint
564 2651 698 2738 accepti,
729 2650 825 2729 tenti,
857 2653 892 2715 et
921 2672 981 2737 per
1011 2670 1123 2716 omnes
1153 2648 1303 2715 subditos
1339 2653 1469 2715 nostros

419 2759 437 2790 ‘⁴
460 2753 613 2841 reputati.
658 2752 753 2830 Item,
776 2757 910 2840 propter
930 2773 1067 2840 magnas
1090 2757 1124 2819 et
1146 2757 1251 2820 certas
1273 2773 1387 2818 causas
1408 2773 1468 2817 nos

418 2863 437 2892 “
460 2863 641 2935 moventes,
667 2861 702 2922 ot
735 2858 869 2943 propter
901 2853 1148 2935 stabilitionem,
1172 2855 1400 2936 nutritionem,
1429 2877 1468 2921 ao

421 2957 749 3037 “continuationem
780 2958 921 3045 integra
952 2957 1142 3036 concordiae,
1178 2957 1320 3037 unionis,
1354 2963 1388 3024 et
1419 2957 1468 3022 di·

420 3067 437 3096 “
459 3062 618 3140 lectionis,
652 3060 742 3126 inter
775 3080 887 3125 omnes
921 3064 1031 3146 partas
1068 3059 1251 3146 praedictas,
1286 3060 1467 3140 laudamus,

419 3171 436 3199 “
458 3165 657 3246 ordinamus,
689 3167 724 3228 et
752 3161 949 3248 judicamus,
983 3161 1073 3248 quod
1106 3161 1214 3229 dictus
1247 3167 1360 3228 noster
1392 3184 1467 3229 cou-

419 3275 436 3303 “
459 3266 666 3355 sanguineus,
688 3264 859 3343 Ricardus,
883 3262 1023 3330 Eboraci
1044 3263 1134 3346 Dux,
1157 3263 1254 3330 dabit
1274 3265 1372 3331 dictis
1394 3287 1467 3330 nos·

418 3379 435 3407 “
458 3371 520 3435 tris
553 3368 809 3455 consanguineis,
839 3367 1014 3446 Alienorae,
1046 3367 1194 3433 Ducissae
1232 3367 1468 3446 Someroetriae,

420 3479 438 3508 “
461 3477 495 3537 ot
533 3470 687 3548 Henrioo,
724 3470 810 3536 Duci
848 3469 1080 3549 Somercetrin,
1109 3471 1179 3535 filio
1216 3493 1283 3549 suo,
1321 3471 1467 3557 quinque

419 3581 437 3610 “
460 3573 564 3638 millia
595 3593 786 3652 marm,
818 3571 859 3638 do
896 3570 1043 3638 1talibus
1075 3571 1363 3659 assignationibus,
1395 3595 1468 3664 quaa

420 3684 437 3711 “
459 3680 557 3741 crunt
580 3675 677 3741 bonae
699 3677 733 3741 et
756 3673 963 3752 sufficientes,
985 3674 1027 3740 de
1056 3675 1176 3741 debitis
1199 3698 1274 3763 qnae
1304 3675 1466 3742 debentur

421 3785 438 3814 “
460 3799 519 3865 per
533 3799 594 3844 nos
609 3777 697 3843 dicto
712 3781 825 3843 nostro
849 3776 1101 3864 consanguineo,
1124 3777 1210 3844 Duoi
1234 3777 1384 3856 Eboraci,
1407 3799 1466 3866 pro

420 3881 566 3946 “vadiis
589 3880 657 3945 suis
680 3879 861 3958 Hiberniae,
892 3879 1123 3946 distribuenda
1144 3901 1203 3966 per
1223 3885 1374 3946 nostrum
1397 3881 1467 3946 avi-

421 3994 439 4022 “
460 3982 659 4051 siamentum
696 3982 784 4049 inter
815 3982 914 4070 ipsos,
937 3986 972 4049 et
1001 3981 1090 4048 inter
1125 3981 1242 4048 fiatres
1280 3987 1316 4048 et
1343 4005 1467 4050 sorores

421 4087 605 4175 “ejusdem
641 4085 744 4154 Ducis
767 4085 1015 4162 Somerootriae3
1049 4090 1085 4152 at
1115 4085 1203 4172 quod
1234 4107 1346 4153 omnes
1383 4087 1468 4154 tales

419 4199 436 4227 ‘⁴
458 4191 602 4258 actiones
623 4189 790 4278 legitimas,
814 4209 889 4275 quae
914 4192 1014 4254 erunt
1042 4193 1184 4276 acceptae
1214 4211 1274 4276 pro
1303 4189 1468 4256 levatione

419 4302 437 4331 “
459 4295 622 4360 dictamm
645 4290 905 4380 assignationum
936 4291 974 4356 in
1006 4289 1198 4357 nominibus
1229 4291 1383 4380 ipsorum,
1407 4315 1467 4380 pro

420 4405 438 4433 “
459 4398 589 4484 quibus,
611 4397 667 4463 vel
680 4417 739 4483 pro
762 4415 836 4481 quo,
861 4398 940 4460 sunt
971 4393 1092 4461 levatae
1115 4395 1168 4461 vel
1190 4395 1374 4484 assignatae,
1398 4396 1467 4463 sint

421 4507 441 4537 ‘⁶
462 4523 521 4588 per
542 4501 629 4589 ipsos
651 4499 819 4566 advocatas
841 4502 875 4564 at
896 4503 1111 4580 manutentae,
1133 4503 1169 4565 et
1190 4499 1283 4565 nulla
1312 4521 1468 4567 exonera·

420 4605 510 4670 “tio
539 4603 600 4669 fiat
629 4602 772 4686 illarum,
801 4601 872 4668 sino
897 4605 1130 4690 aggreamento
1160 4601 1316 4690 ipsorum,
1345 4601 1467 4690 quibus

624 4771 738 4778 ——m-
750 4771 807 4777 ψ...
814 4771 849 4778 ---
892 4771 898 4776 -
910 4769 953 4776 --ι
960 4771 980 4776 --
1026 4771 1033 4775 .
1129 4771 1147 4776 -..
1155 4771 1192 4777 ...-
