3582 5838
486 897 661 949 tonsurus
684 858 970 952 wnnrususrunn
993 903 1171 956 secunus.
1278 893 1342 957 209

294 1086 311 1114 “
334 1083 520 1168 captionem
535 1085 656 1152 Assisae
678 1085 777 1164 illius,
793 1085 972 1153 secundum
990 1087 1094 1174 legem
1116 1095 1152 1154 et
1171 1095 1343 1156 eonsuetu-
1356 1107 1421 1158 Ab.
1439 1111 1509 1158 1⁴55.

292 1189 309 1216 ‘⁴
332 1183 444 1250 dinem
459 1186 553 1272 regni
576 1187 683 1252 nostri
699 1187 839 1276 Angbae,
855 1189 1047 1276 procedatis.
1085 1190 1184 1256 Teste
1207 1191 1339 1280 meips0,

293 1293 309 1318 “
332 1286 422 1373 npud
445 1286 780 1369 westmonasterium,
798 1295 899 1357 'sexto
922 1291 976 1358 die
999 1291 1124 1371 Martii,
1139 1314 1226 1360 enno
1249 1295 1343 1382 regni

291 1393 311 1422 “
334 1389 439 1456 nostri
459 1391 625 1458 tricesimo
648 1391 795 1478 quarto.’'

291 1697 515 1788 Reorrperutio
533 1702 677 1790 prefati
694 1701 857 1784 montorii,
872 1709 946 1770 torm
955 1723 1020 1789 per
1030 1701 1220 1789 jedieiom
1236 1723 1342 1790 quum

374 1826 439 1890 per
461 1805 643 1894 propedem
666 1805 905 1892 consessionem
924 1804 1055 1871 Mibitie
1077 1803 1251 1872 mttedieti.

328 1942 460 2010 ¹Assise
472 1946 574 2026 venit,
589 1946 797 2035 recognitum
811 1947 840 2011 si
855 1946 997 2013 Thomas
1011 1945 1217 2024 Oherlotone,
1234 1946 1340 2028 Miles,
1351 1970 1439 2022 Pleias

289 2045 412 2132 injuste
444 2053 479 2114 et
508 2048 580 2114 sine
604 2049 730 2137 judicio
754 2048 934 2115 disseisivit
955 2047 1151 2129 Johannem,
1173 2049 1339 2116 Abbetem
1351 2039 1493 2156 mitior

290 2148 483 2216 Monasterii
506 2150 547 2217 de
568 2150 691 2217 Sancto
712 2149 850 2229 Albano,
866 2151 902 2215 in
922 2149 1093 2218 Comitetu
1115 2151 1282 2239 predicto,
1299 2152 1340 2220 de
1495 2142 1501 2155 ⁸

288 2249 393 2316 libero
409 2257 597 2320 tenemento
618 2275 677 2319 suo
692 2253 728 2318 in
742 2254 913 2331 Burstone,
929 2258 1004 2340 post
1026 2254 1168 2340 primam
1182 2253 1340 2320 transfre-

288 2354 452 2421 tationem
474 2355 611 2422 Domini
633 2356 769 2422 Henrioi
792 2356 900 2443 Regis,
915 2355 978 2420 filii
1001 2355 1100 2442 Regis
1114 2354 1287 2436 Johannis,
1302 2356 1340 2422 in

290 2455 494 2524 Vaseoniem.
539 2457 639 2525 Unde
661 2457 749 2523 idem
764 2457 886 2536 Abbes,
907 2479 966 2545 per
986 2456 1175 2524 «iohannem
1198 2457 1339 2540 Ferrers,
1389 2501 1392 2508 ·

290 2563 496 2627 ettometum
517 2583 624 2643 suum,
639 2561 791 2647 queritur
805 2561 894 2648 quod
916 2561 1095 2649 praedictus
1109 2561 1251 2628 Thomas
1274 2561 1340 2628 dis·

289 2663 417 2728 saisivit
436 2686 512 2730 sum
527 2665 568 2730 de
583 2664 730 2730 menenio
745 2664 786 2730 de
804 2664 976 2744 Burstone,
995 2663 1077 2730 elias
1098 2664 1188 2731 dieto
1211 2672 1229 2700 “
1240 2665 1340 2730 Burs-

290 2770 309 2800 “
332 2765 527 2845 tonehalle,’'
550 2789 626 2833 oum
647 2766 867 2854 pertinentiis,
892 2775 922 2833 et
944 2773 1069 2834 coetero.

333 2867 380 2933 Et
401 2869 580 2955 praediotus
602 2867 752 2948 Thomas,
775 2868 810 2934 in
834 2869 966 2955 propria
987 2889 1126 2956 persona
1147 2889 1216 2946 sue,
1234 2869 1336 2936 venit.
1351 2887 1507 2941 Sirmomsr

289 2967 335 3034 Et
366 2969 445 3036 dicit
474 2970 562 3058 quod
587 2972 657 3058 ipse
687 2992 754 3037 non
779 2975 889 3057 potest
911 2969 1067 3050 dedicere,
1089 2969 1169 3057 quin
1193 2971 1264 3056 ipse
1286 2957 1471 3084 in'gffie

283 3071 376 3156 juste
397 3080 433 3138 et
453 3074 525 3138 sine
544 3073 671 3159 judicio
694 3072 872 3138 disseisivit
894 3073 1091 3160 preadictum
1105 3072 1273 3138 Abbatem
1295 3072 1491 3151 deserendam,

287 3174 445 3260 praedioto
471 3176 624 3255 monerio,
649 3197 724 3242 oum
748 3175 968 3262 pertinentiis,
991 3180 1091 3264 prout
1112 3174 1200 3240 idem
1222 3173 1338 3240 Abbas
1349 3155 1495 3274 ’ἧψε

287 3277 436 3364 superius
459 3299 573 3344 versus
596 3299 671 3344 eum
694 3279 851 3365 queritur.
898 3277 1090 3366 Superque
1112 3277 1202 3343 idem
1223 3277 1337 3344 Abbes
1350 3289 1432 3340 elsim.

286 3380 390 3466 gratis
412 3380 556 3446 remittit
578 3380 715 3468 praefato
738 3380 873 3446 Thomae
891 3401 1095 3467 quaeeunque
1117 3375 1269 3460 ’damna
1285 3403 1337 3447 oo-

286 3483 414 3548 ceaione
436 3483 613 3571 praemisse,
628 3483 734 3549 eidem
757 3482 883 3549 Abbati
906 3481 1151 3568 adjudicanda..
1184 3482 1230 3548 Et
1252 3483 1339 3570 petit

285 3585 438 3651 saisinam
453 3585 494 3652 de
510 3585 667 3673 praedioto
688 3585 843 3667 monerio,
859 3606 933 3651 oum
956 3585 1177 3672 pertinentiis,
1193 3584 1257 3650 sibi
1280 3586 1337 3651 ed-

279 3685 431 3772 judioari,
461 3695 491 3756 et
522 3696 647 3755 ooetera.
694 3687 760 3754 Sed
791 3689 870 3774 quia
904 3686 1080 3752 dubitatur
1112 3687 1141 3753 si
1174 3687 1338 3754 habeatur

282 3789 393 3876 aliqua
414 3789 513 3870 freus,
528 3793 598 3858 sive
623 3790 766 3868 collusio,
781 3790 869 3856 inter
891 3789 1086 3877 praediotum
1109 3787 1276 3856 Abbatem
1301 3795 1336 3856 et

284 3892 460 3980 praefatum
495 3893 653 3960 Thomam
687 3914 785 3981 super
817 3893 1061 3980 recuperatione
1084 3891 1222 3956 manerii
1252 3913 1335 3978 pree·
1347 3917 1500 3984 sinungor

283 3993 375 4073 dieti,
397 4001 513 4062 eontra
534 3996 673 4062 formum
696 3995 825 4062 Statuti
848 4016 913 4082 quo
936 3999 1071 4060 cavetur
1092 4015 1134 4058 ne
1157 3999 1254 4059 terrae
1277 4015 1335 4059 seu
1346 3984 1492 4104 &me

282 4102 472 4164 tenemento
508 4099 551 4164 ed
589 4120 725 4165 menum
762 4101 925 4164 mortuam
964 4095 1159 4162 devenirent
1202 4115 1333 4181 quoquo
1346 4116 1470 4168 marein

281 4201 388 4281 modo,
418 4199 602 4288 praeloeuta,
633 4221 819 4288 proeessum
849 4205 900 4265 est
929 4197 972 4264 ed
995 4195 1181 4286 ceptionem
1211 4183 1504 4300 Assisaegffmffig‘

281 4301 448 4387 praedietae
479 4325 537 4391 per
562 4307 802 4369 sacramentum
834 4301 1008 4367 duodecim
1037 4299 1214 4386 proborum
1246 4298 1333 4363 viro·
1346 4265 1477 4378 elmon,

282 4425 366 4487 rum,
393 4411 428 4471 et
456 4404 635 4494 legalium3
666 4405 733 4494 qui,
765 4405 807 4470 ad
840 4403 1017 4470 veritatem
1050 4401 1128 4467 inde
1161 4399 1334 4467 dicendam
1346 4382 1504 4500 ‘g'ffigss‘

226 4597 234 4610 ·
282 4506 386 4587 electi,
406 4507 509 4588 triuti
526 4513 560 4574 et
577 4509 693 4595 jurati,
710 4508 827 4574 dieunt
850 4527 947 4592 super
969 4508 1210 4571 saeramentnm
1228 4523 1333 4582 suum,
1346 4515 1490 4568 Murmur.

316 4733 790 4810 muesmueenmeemeie
865 4745 1102 4813 meminus.

281 4826 396 4892 supplied
407 4827 434 4878 in
446 4827 620 4880 illumination.

1179 4921 1201 4966 0
