3668 5842
453 877 518 948 276
788 895 984 944 nnsrsrncrr
1006 895 1164 944 enerrrn

287 1081 472 1135 nD.1⁴57.“
493 1082 529 1143 et
550 1079 678 1143 utinam
702 1079 762 1144 hoc
785 1080 906 1146 iaceres
929 1080 971 1146 cb
994 1103 1084 1168 spem
1107 1082 1221 1147 saluiis
1244 1087 1387 1149 eeternae.
1432 1079 1497 1146 Sed

452 1187 470 1216 ‘⁶
492 1181 646 1246 timemus
669 1188 738 1246 tam
753 1183 933 1269 pretiosum
948 1183 1137 1248 thesaurum
1162 1194 1203 1261 te,
1220 1191 1354 1271 propter
1376 1184 1499 1248 eniien-

453 1287 471 1316 “
496 1282 572 1348 dam
604 1290 672 1350 tuse
703 1283 901 1350 insatiabilis
931 1285 1081 1352 avaritiae
1103 1285 1305 1372 voraginem,
1327 1285 1497 1351 cusiodire.

453 1393 472 1420 “
494 1385 682 1464 contendis,
698 1386 785 1472 quod
808 1387 909 1452 etiem
932 1387 1046 1453 scribis
1067 1387 1171 1468 nobis,
1193 1410 1253 1454 nos
1277 1389 1318 1455 de
1339 1388 1499 1475 sanguine

453 1495 470 1524 ‘⁶
494 1487 757 1554 Christianorirm
792 1489 1001 1571 effundendo,
1034 1490 1127 1556 velut
1156 1491 1282 1557 lumine
1316 1489 1499 1577 ¹privatus,

454 1597 470 1624 “
493 1613 601 1656 coram
616 1613 725 1656 rerum
741 1591 887 1657 omnium
913 1591 1091 1658 Condiiore
1118 1593 1282 1659 rationem
1305 1593 1496 1658 reddituros.

453 1700 470 1725 “
493 1693 688 1773 Laudamur,
704 1693 793 1780 quod
808 1693 938 1781 alonge
960 1692 1175 1781 lippientibus
1190 1695 1290 1760 oculis
1305 1694 1499 1782 palpitando

452 1803 469 1830 “
492 1795 599 1882 ipsum
622 1795 843 1883 recognoscis;
866 1799 901 1860 ei
923 1801 1075 1882 optemus
1091 1797 1179 1882 quod
1202 1804 1315 1862 nostre
1338 1797 1411 1873 fide,
1435 1817 1500 1882 quc

453 1905 596 1964 “unum
627 1899 734 1964 Deum
768 1897 937 1977 credimus,
959 1898 1030 1963 sine
1063 1899 1223 1986 principio
1257 1904 1291 1965 ei
1322 1899 1393 1963 sine
1423 1898 1498 1975 fine,

450 2006 468 2034 “
491 2001 597 2066 omnis
619 2007 775 2066 creaturae
791 1999 944 2066 estotim
966 1999 1099 2067 fabricae
1120 2002 1237 2066 mundi
1251 2001 1498 2080 Plnsmntorem

452 2111 470 2137 “
493 2107 540 2180 iu,
555 2108 616 2168 ‘cue
630 2103 745 2169 relicte
767 2101 952 2183 ²idoleirin,
969 2105 1059 2169 omni
1084 2104 1244 2192 spurcitia
1266 2103 1369 2192 plene,
1394 2102 1499 2168 imbui

450 2212 468 2240 “
491 2206 682 2292 renascique
713 2206 855 2284 studeas,
887 2205 1044 2292 quatinus
1075 2205 1118 2271 nd
1148 2226 1288 2272 examen
1312 2205 1414 2292 ipsius
1443 2204 1499 2270 de·

450 2313 468 2342 “
490 2330 579 2373 mum
597 2308 798 2395 perveniens,
814 2308 869 2373 vel
881 2329 1032 2374 coronam
1050 2310 1103 2375 vel
1119 2309 1314 2396 supplicium
1337 2307 1498 2393 condigna

450 2418 468 2446 “
490 2412 708 2476 retributione
717 2411 858 2497 recipere
870 2412 1031 2476 merearis.
1059 2410 1149 2477 Dete
1161 2411 1383 2497 Romoe,npud
1396 2409 1495 2474 Sanc·

449 2519 467 2547 “
490 2519 562 2578 tum
584 2514 728 2593 Petrum,
752 2535 839 2579 anno
861 2514 904 2579 ab
920 2513 1153 2580 Incnrnetione
1170 2512 1306 2578 Domini
1323 2511 1496 2578 millesimo

450 2622 467 2650 “
490 2616 812 2704 quadringentesimo
836 2616 1106 2703 quinquegeeimo
1127 2623 1231 2695 sexte,
1247 2616 1301 2680 die
1314 2614 1498 2702 penultima

448 2719 612 2783 “mensis
644 2717 855 2806 Septembris,
893 2717 1080 2785 Indictione
1115 2723 1242 2804 quarta,
1280 2717 1497 2783 Pontificatus

448 2825 466 2855 “
488 2819 593 2886 nostri
616 2842 703 2886 anno
726 2818 897 2886 secund0.''

502 3055 608 3143 Oopr'c
631 3055 767 3122 Litterae
786 3077 850 3141 pcc
871 3055 1030 3122 Fratrem
1053 3053 1326 3132 Ρνωάἱοαΐονοτη,
1346 3055 1453 3141 prins

704 3157 845 3236 dedens,
867 3155 1019 3224 Domino
1040 3155 1146 3244 Popoe
1168 3155 1287 3224 mirac.

492 3302 511 3331 “
533 3294 746 3362 ³Bestissime
762 3296 870 3377 Peter,
886 3277 1033 3360 osculum
1056 3301 1135 3361 ante
1157 3295 1264 3382 pedes,
1278 3301 1431 3382 eiusque
1452 3294 1496 3360 nd

367 3427 375 3452 υ
447 3406 465 3433 “
486 3404 626 3464 mortem
641 3397 872 3479 obedienciam,
888 3396 1131 3463 ⁴hunrillirnnm
1149 3403 1184 3464 et
1204 3398 1367 3466 devotam.
1405 3397 1495 3478 Ques

382 3522 388 3536 ·
449 3505 467 3535 “
489 3499 601 3565 leudes
624 3505 659 3565 et
673 3499 857 3587 gratiarum
871 3500 1016 3566 actiones
1038 3499 1268 3587 omnipotenti
1283 3499 1361 3578 Deo,
1378 3505 1413 3566 ee
1427 3499 1496 3566 Do-

449 3607 467 3638 “
488 3602 579 3667 mino
601 3606 714 3667 nostro
736 3602 835 3668 Ihesu
858 3601 999 3685 christo,
1021 3601 1084 3668 sub
1106 3601 1199 3687 cujus
1228 3601 1371 3668 nominis
1399 3601 1495 3668 invo-

448 3711 466 3740 “
487 3705 614 3770 catione
636 3704 721 3770 hanc
741 3703 917 3792 gloriosam
939 3703 1115 3770 victoriam
1137 3725 1230 3770 snam
1260 3704 1418 3792 dignatus
1444 3709 1494 3771 est

488 3807 583 3874 nobis
613 3813 780 3895 praestnre,
809 3829 870 3874 nec
902 3806 1049 3872 humens
1081 3810 1193 3892 mente
1223 3807 1349 3894 concipi
1378 3815 1496 3894 posset,

446 3917 464 3947 “
487 3931 546 3976 nec
560 3910 675 3998 lingue
689 3910 833 3997 proferri.
880 3909 1029 3976 OPeter
1050 3907 1246 3988 beatissime,
1261 3910 1290 3975 si
1312 3915 1372 3975 tun
1394 3909 1495 3976 Sanc·

445 4021 463 4049 “
484 4013 565 4080 titas
594 4013 734 4102 propriis
765 4012 865 4078 oculis
898 4011 1088 4096 aspexisset,
1112 4013 1154 4078 de
1185 4017 1267 4098 quot
1297 4017 1331 4078 et
1360 4012 1494 4098 quentis

445 4124 463 4152 “
484 4115 634 4204 periculis
663 4114 822 4203 populum
851 4113 1074 4180 Christianum
1110 4113 1300 4180 Altissimns
1329 4114 1493 4197 liberavit,

444 4229 460 4256 “
482 4224 564 4305 puto
586 4216 799 4285 nullomodo
823 4215 990 4282 Sanctitas
1016 4221 1129 4282 vestre
1158 4217 1228 4282 sine
1259 4215 1414 4303 lacrymis
1443 4239 1494 4282 re·

444 4330 460 4357 ‘⁴
483 4343 611 4388 censere
632 4325 749 4408 posset.
797 4317 1047 4406 Dissipnvemnt
1072 4317 1190 4407 perfidi
1221 4319 1342 4408 pagani
1372 4319 1493 4386 'l'urchi

443 4433 461 4460 ‘¹
483 4425 615 4502 moenie,
637 4429 754 4504 turres,
778 4429 812 4488 et
834 4421 981 4500 oedificia,
999 4421 1189 4509 principalis
1211 4421 1310 4488 castri
1332 4421 1493 4489 defensio·

475 4673 597 4725 ιΗαιιΊιο
629 4681 745 4741 suggests
777 4678 795 4703 “
801 4673 941 4739 privator?
1019 4673 1030 4707 ¹
1041 4673 1096 4726 The
1107 4675 1189 4728 initinl
1200 4676 1274 4728 letter
1289 4676 1311 4728 is
1327 4675 1447 4736 omittedc
1464 4685 1492 4728 to

441 4752 833 4819 andeppnrentlmithjustice.
985 4754 1365 4819 be'suppliedinilluminnticn

472 4831 720 4899 ’procedamus
1019 4831 1289 4887 ⁴hum‘1imlnMS.
