3668 5842
464 883 528 949 308
797 889 994 948 aaarsrauu
1016 893 1174 945 anam

296 1091 479 1142 n.D.145a“
500 1107 575 1150 rum
615 1085 662 1151 sio
700 1089 973 1171 recuperatarum,
1015 1089 1049 1152 et
1089 1086 1193 1152 altera
1233 1085 1393 1151 medietas
1432 1084 1510 1150 inde

462 1192 479 1222 “
501 1185 724 1274 assignabitur
739 1185 952 1253 Thesaurario
973 1186 1122 1274 Hospitii
1142 1187 1256 1268 nostri,
1272 1189 1316 1252 ad
1337 1186 1511 1274 providen-

463 1296 479 1322 “
502 1287 581 1353 dum
605 1311 664 1376 pro
694 1289 850 1376 eustagiis
872 1294 907 1354 et
929 1291 1084 1376 expensis
1116 1289 1200 1356 dicti
1229 1289 1366 1376 hospitii
1395 1289 1509 1354 nostri.

463 1397 480 1424 “
502 1390 592 1455 Data
613 1389 674 1455 sub
703 1394 817 1456 nostro
841 1391 963 1478 Magno
987 1390 1114 1477 sigillo,
1137 1391 1226 1477 apud
1247 1391 1414 1456 Palatium
1436 1411 1510 1456 nos·

463 1496 480 1526 ‘⁴
502 1497 592 1557 trum
623 1490 917 1572 westmonasterii,
949 1491 1103 1558 vicesimo
1144 1499 1263 1578 quarto
1302 1493 1355 1557 die
1387 1492 1508 1569 Martii,

462 1599 481 1628 “
502 1615 589 1659 anno
612 1594 706 1681 regni
728 1595 833 1660 nostri
856 1595 1021 1660 tricesimo
1045 1595 1169 1660 sexto.”

464 1887 652 1956 Concordia
675 1887 772 1974 forto
811 1909 891 1954 oum
921 1886 1083 1956 Jolroaae
1116 1887 1255 1974 Otryne,
1284 1887 1407 1968 Milite,
1447 1888 1509 1976 qut

545 2013 610 2078 per
642 2012 753 2057 aanor
787 1989 905 2069 droam
935 1997 964 2057 et
997 1990 1235 2070 abradebat
1266 2013 1346 2059 cam
1375 1991 1509 2058 sorbeio

549 2114 654 2180 super
675 2101 759 2160 certo
782 2091 1048 2180 quietoreddita
1070 2093 1112 2159 io
1135 2093 1339 2161 variatione.

293 2254 449 2305 Reconenia.
507 2233 662 2298 ¹Eisdem
692 2234 793 2298 etiam
824 2233 860 2297 in
882 2232 1088 2319 temporibus
1117 2233 1154 2296 in
1184 2232 1305 2318 quibus
1327 2233 1416 2298 faeta
1438 2237 1510 2298 erat

291 2321 449 2438 ffiffiessffi
462 2335 634 2402 eoncordia
663 2335 752 2400 inter
780 2331 936 2421 proceres,
967 2333 1061 2399 miles
1092 2334 1236 2420 quidam,
1267 2335 1309 2400 de
1339 2333 1508 2400 comitatu

292 2453 333 2505 sir
343 2455 414 2505 John
461 2436 712 2525 Bokyngamiae‚
753 2443 770 2472 “
786 2435 956 2502 Johannes
997 2436 1132 2522 Cheyno
1148 2435 1166 2465 ’²
1207 2436 1338 2522 eloquio
1380 2436 1510 2522 vulgari

292 2519 400 2637 3ζῖᾖῇ
460 2540 661 2616 nominatus,
694 2538 750 2624 qui
781 2560 839 2625 per
868 2539 981 2604 decern
1011 2559 1123 2615 annos
1153 2544 1188 2604 et
1217 2538 1367 2625 amplius,
1398 2537 1509 2604 stabat

290 2668 359 2704 some
370 2667 441 2718 years
461 2642 497 2706 in
528 2642 714 2707 variatione
744 2663 817 2706 oum
858 2639 991 2706 ecelesia
1030 2645 1164 2727 propter
1202 2641 1435 2724 retractionem
1475 2645 1509 2706 et

290 2719 449 2851 ξζᾞῗθά
463 2743 475 2782 2
490 2743 718 2810 deductionem
749 2741 920 2827 eujusdam
960 2743 1064 2807 annui
1102 2741 1252 2807 redditus
1291 2743 1511 2828 quadraginta

290 2860 346 2902 rent
356 2853 405 2902 due
416 2860 442 2902 to
462 2847 640 2913 solidorum
662 2845 855 2911 exeuntium
878 2843 1051 2909 annuatim
1075 2842 1115 2909 de
1138 2865 1205 2909 una
1238 2845 1371 2930 virgata
1403 2851 1509 2923 terras,

290 2919 446 2984 rhenbbey.
463 2971 537 3016 oum
561 2947 708 3025 dimidia,
730 2947 766 3010 in
790 2945 980 3032 Chalphunt
1012 2945 1127 3011 Sancti
1151 2945 1273 3034 Egidii,
1296 2946 1431 3011 minime
1454 2968 1512 3034 per

460 3057 592 3117 tantum
622 3056 753 3135 tempus
784 3048 974 3126 solutorum,
1004 3049 1107 3126 venit,
1137 3049 1361 3114 mediantibus
1391 3049 1512 3115 litteris

460 3155 568 3241 regiis,
593 3153 629 3217 in
652 3173 765 3239 pacem
788 3155 824 3215 et
853 3148 1062 3216 concordiam
1092 3171 1168 3216 oum
1200 3151 1344 3230 ecelesia,
1377 3172 1512 3217 consen·

462 3256 571 3341 sitque
594 3255 722 3320 dietum
747 3251 1084 3338 quietum-redditum
1107 3250 1168 3316 ³in
1191 3259 1359 3338 posterum
1390 3275 1512 3318 annua·

459 3359 523 3422 tim
553 3356 701 3436 solvere;
732 3354 910 3419 dummodo
941 3353 1036 3419 fieret
1069 3355 1133 3418 sibi
1164 3354 1205 3418 de
1235 3355 1409 3442 arreragiis
1438 3376 1511 3442 per-

461 3458 606 3536 donatio,
636 3458 687 3522 ita
725 3456 813 3542 quod
843 3456 884 3521 de
914 3456 995 3542 ipsis
1025 3455 1120 3542 plene
1158 3458 1365 3542 acquietatus
1402 3463 1511 3546 posset

461 3561 530 3646 ipse
553 3565 647 3624 stare.

289 3679 384 3733 naam
395 3680 424 3730 of
507 3665 557 3730 De
572 3664 808 3730 deliberatione
831 3663 934 3750 igitur
956 3663 1144 3728 maturioris
1159 3661 1317 3743 ‘consilii
1332 3665 1421 3730 facta
1439 3670 1511 3731 erat

290 3747 436 3864 ffidfflssh
462 3767 492 3832 ei
522 3766 715 3854 perdonatio
754 3765 796 3831 de
834 3764 971 3851 singulis
1010 3763 1191 3852 arreragiis,
1220 3771 1439 3853 praeterquam
1469 3767 1510 3832 de

289 3880 350 3930 nim.
462 3869 683 3955 quadraginta
705 3867 820 3932 solidis
841 3889 924 3952 quos
946 3866 1015 3953 ipse
1036 3867 1077 3932 ad
1101 3873 1191 3948 tuno,
1214 3889 1377 3934 unacum
1400 3889 1510 3934 annuo

461 3972 595 4038 redditu
635 3971 715 4035 anni
744 3969 911 4046 instantis,
943 3969 1111 4056 persolvit,
1141 3973 1176 4034 et
1205 3969 1252 4035 sie
1282 3970 1343 4034 sub
1380 3971 1510 4056 seriptis

459 4074 694 4141 sufficientibus
709 4073 839 4159 quietus
861 4071 1001 4138 recessit
1040 4071 1086 4136 Et
1100 4071 1272 4157 utriusque
1287 4073 1510 4158 quietationis,

460 4177 592 4256 scilieet,
616 4175 853 4262 arreragiorum
875 4179 911 4239 et
934 4173 1039 4238 annui
1060 4173 1210 4239 redditus
1233 4181 1313 4240 tuno
1344 4175 1511 4256 instantis,

460 4279 514 4344 hie
536 4277 806 4364 ⁶subsequuntur
828 4277 971 4362 seripta3
993 4286 1028 4342 et
1049 4276 1167 4364 primo,
1189 4274 1231 4340 de
1253 4277 1433 4363 arreragiis,
1449 4276 1510 4342 sub

459 4382 525 4447 ista
545 4381 703 4447 forma.-

493 4627 502 4660 ¹
514 4627 570 4678 The
581 4627 636 4678 llrrt
647 4627 722 4678 letter
732 4625 753 4676 ir
765 4625 884 4687 omitted;
895 4633 922 4677 to
933 4627 964 4678 be
1039 4625 1049 4657 ³
1061 4625 1215 4689 imposterum
1225 4625 1250 4676 in
1263 4625 1320 4676 MS.

461 4707 575 4773 supplied
586 4705 613 4756 in
623 4705 798 4756 illuminatior,
1040 4703 1051 4736 ⁴
1061 4703 1157 4754 concilii
1168 4706 1194 4754 in
1205 4705 1261 4756 MS.

492 4784 668 4838 ’adieram
680 4785 707 4836 in
720 4783 776 4836 MS.
1039 4784 1049 4816 ⁸
1062 4781 1219 4834 mbeeermtur
1230 4784 1255 4835 in
1269 4783 1326 4837 Ms.
