3588 5838
457 897 500 958 20
697 949 700 958 ,
790 913 990 965 nnorsrnuu
1012 914 1168 966 1111111

288 1088 444 1225 (111933έὲἶῖ
456 1093 552 1160 cessit
583 1117 661 1162 mox
690 1099 871 1186 posteriue,
885 1086 1043 1188 primaria
1074 1125 1135 1168 sua
1166 1102 1398 1169 benedictione
1430 1123 1507 1168 con-

288 1239 442 1306 oforegoit„
456 1201 577 1277 tentus,
608 1200 649 1266 de
679 1200 867 1290 Londoniis,
905 1203 1105 1290 accessitque
1142 1205 1185 1270 ed
1223 1206 1415 1282 manerium,
1446 1203 1505 1270 ubi

456 1301 658 1386 temporibus
680 1304 907 1390 variisjao'ere
931 1305 1079 1372 solebant
1103 1307 1262 1389 Abbates,
1282 1313 1317 1374 et
1340 1305 1504 1395 praecipue

456 1403 658 1489 temporibus
679 1407 869 1474 vacationis.

287 1513 443 1580 Expreruon
502 1503 665 1585 ¹Interea,
682 1507 761 1573 dum
783 1507 906 1575 ibidem
926 1509 1041 1595 jacuit,
1061 1517 1314 1598 expectsretque
1337 1531 1505 1598 quousque

286 1583 427 1718 ffiffiy
456 1613 678 1696 competenter
715 1611 1014 1699 convenienterque
1060 1612 1101 1680 do
1138 1613 1277 1702 singulis
1315 1613 1503 1680 necessariis

180 1717 189 1735 ‘
287 1715 429 1783 thepeople
456 1731 533 1798 ergo
555 1712 642 1778 diem
664 1713 901 1780 installationis
926 1714 1092 1803 provideri
1118 1720 1237 1804 posset,
1260 1716 1388 1782 volavit
1417 1715 1504 1780 fama

286 1781 439 1912 ζὲἒξὴοω,
455 1835 513 1898 per
550 1817 700 1900 patriam,
738 1817 975 1904 nunciavitque
1016 1817 1209 1884 electionem
1246 1819 1333 1885 infra
1373 1819 1504 1883 Monae-

285 1914 433 2034 fflsnfflf
454 1916 575 1981 terium
606 1916 646 1983 de
676 1918 798 1984 Sancto
820 1919 959 1990 Albano·
984 1943 1056 1986 cum
1088 1943 1208 2009 magno
1239 1922 1372 2002 honore,
1396 1921 1503 1986 maxi-

286 1999 418 2098 there-⁸⁰
453 2041 570 2106 meque
590 2041 708 2086 vocum
730 2022 910 2101 concordia,
926 2024 1122 2089 celebratam
1144 2025 1255 2105 fuisse,
1270 2033 1305 2091 et
1327 2029 1502 2112 peractam.

284 2115 432 2230 ffiifflf
454 2122 550 2203 Quod
580 2146 654 2190 cum
693 2125 897 2192 audivissent
929 2126 994 2190 viri
1027 2126 1133 2206 solidi,
1166 2126 1276 2208 sobrii,
1308 2131 1342 2192 et
1371 2125 1502 2203 sensati,

285 2247 374 2297 whet-
452 2225 756 2314 intellexissentque
778 2228 940 2315 quomodo
963 2226 1068 2314 ²lapis
1091 2228 1156 2308 ille,
1181 2251 1277 2315 quem
1303 2227 1374 2314 jam
1397 2249 1503 2314 nuper

284 2312 417 2432 {ffiffi}
451 2328 712 2415 reprobaverunt
748 2331 957 2413 aedifiosntes,
995 2331 1250 2418 abjeceruntque
1287 2330 1329 2396 ab
1363 2329 1501 2396 aedifioio

451 2431 567 2496 domus
582 2433 700 2513 divini,¹
707 2431 779 2520 jam
793 2455 906 2499 rursus
921 2455 978 2520 per
996 2432 1123 2498 eosdem
1141 2433 1185 2498 sit
1206 2433 1370 2513 reductus,
1392 2431 1502 2498 effeet-

450 2554 553 2618 usque
575 2534 612 2598 in
634 2539 733 2622 eaput
754 2535 874 2623 anguli,
899 2534 1061 2601 dederunt
1084 2535 1154 2600 Deo
1177 2535 1312 2623 gratias,
1331 2535 1502 2600 dixerunt-

450 2656 512 2719 que
536 2635 623 2704 inter
651 2658 685 2702 se
702 2637 829 2702 taliter
851 2633 1030 2718 omnes‚—8
1042 2637 1101 2700 “A
1127 2637 1273 2702 Domino
1303 2636 1427 2702 factum
1453 2639 1505 2700 est

450 2743 469 2773 “
492 2737 591 2816 istud,
615 2745 649 2804 et
672 2745 722 2805 est
753 2739 903 2806 mirabile
928 2739 965 2805 in
996 2739 1102 2806 oeulis
1128 2740 1259 2805 nostris.
1304 2738 1337 2803 A
1359 2737 1503 2803 Domino

450 2840 606 2927 “utique
643 2841 768 2908 factum
797 2847 856 2922 est,
887 2841 975 2928 quod
1013 2841 1101 2929 patri
1138 2842 1251 2919 otioso,
1282 2861 1424 2918 oneroso,
1463 2845 1499 2906 et

450 2949 468 2978 “
491 2944 585 3030 quasi
608 2945 733 3010 cunctis
764 2944 885 3027 odiose,
904 2944 977 3031 jam
999 2943 1153 3010 successit
1174 2949 1288 3031 pastor
1319 2947 1353 3008 11
1381 2940 1499 3028 praela-

448 3052 465 3080 “
488 3051 543 3112 tus
566 3052 636 3112 tem
659 3048 729 3114 Deo
752 3047 891 3114 dilectus
915 3068 1015 3133 quam
1041 3045 1238 3123 hominibus,
1261 3045 1314 3110 cui
1336 3043 1499 3109 Dominus

449 3148 752 3215 “benedictionem
783 3149 929 3215 omnium
965 3169 1119 3235 generum
1155 3147 1300 3228 dederat,
1328 3147 1497 3212 confirma-

448 3257 465 3283 “
488 3256 645 3336 veretque
676 3255 913 3317 testamentum
937 3272 1032 3316 suum
1062 3271 1159 3337 super
1190 3255 1290 3338 ceput
1312 3249 1391 3336 ejus.
1436 3249 1499 3313 Mi-

446 3359 464 3387 “
486 3351 590 3416 rabile
617 3374 694 3418 vero
724 3353 760 3418 in
792 3353 893 3419 oculis
924 3354 1055 3434 nostris,
1088 3375 1126 3418 ae
1160 3352 1261 3419 etiem
1294 3351 1496 3429 admirabile,

445 3460 466 3500 “
487 3453 582 3533 unde,
605 3475 793 3543 perquem,
817 3459 877 3520 aut
902 3475 922 3518 a
946 3476 1020 3541 quo,
1044 3455 1133 3520 facte
1155 3454 1221 3520 ibit
1252 3455 1322 3520 haec
1345 3453 1496 3531 mutatio,

446 3563 463 3592 “
486 3557 575 3643 quod
604 3555 660 3622 ille
683 3557 771 3622 idem
800 3579 883 3644 grex
905 3557 940 3621 in
972 3556 1087 3644 speeie,
1112 3558 1170 3644 qui
1192 3557 1288 3643 quasi
1310 3555 1424 3643 pridie,
1455 3554 1498 3620 ad

445 3661 589 3724 “instar
619 3659 756 3724 alterius
779 3659 881 3737 Sauli,
903 3659 939 3725 11
966 3666 1000 3726 11
1032 3681 1107 3726 cum
1137 3680 1197 3725 suo
1226 3662 1359 3745 pastore
1372 3707 1375 3721 .
1390 3679 1498 3745 perse·

447 3769 464 3796 “
486 3761 650 3849 quebatur
676 3762 819 3828 multum
856 3762 1003 3849 graviter
1034 3783 1156 3828 nomen
1186 3761 1284 3842 illius,
1303 3759 1382 3846 jam,
1405 3759 1499 3824 velut

446 3871 464 3900 “
486 3865 606 3947 subito,
629 3862 917 3930 811111111111111111
940 3886 1015 3929 eum
1041 3863 1102 3928 lux
1124 3864 1165 3929 de
1187 3861 1301 3940 *coelo
1325 3863 1497 3949 factusque

447 3973 466 4003 “
487 3967 603 4034 fuisset
635 3967 671 4032 in
700 3989 798 4056 grege
831 3967 871 4033 dc
902 3966 1002 4032 Seulo
1030 3965 1161 4044 Paulus,
1192 3965 1294 4032 frater
1325 3965 1497 4050 unusquis-

445 4078 462 4105 “
485 4091 548 4157 que
570 4071 728 4159 praedioet
742 4092 863 4136 nomen
886 4069 956 4156 ejus
978 4069 1067 4134 inter
1086 4073 1211 4155 gentes,
1227 4067 1394 4132 affirmans
1408 4066 1496 4154 quod

447 4179 465 4208 “
487 4173 550 4238 etsi
564 4194 631 4238 non
647 4172 807 4253 Christus,
824 4171 949 4239 Christi
971 4175 1085 4236 tamen
1107 4170 1213 4236 fidelis
1235 4169 1301 4235 fuit
1323 4191 1446 4250 servus,
1462 4174 1496 4234 11

446 4281 465 4308 “
487 4273 637 4361 prudens,
660 4275 697 4338 in
720 4274 922 4361 temporibus
945 4274 1021 4339 suis.
1067 4271 1231 4338 Mirabilis
1259 4271 1329 4336 haec
1352 4271 1495 4337 mutatio

445 4385 462 4412 “
484 4378 521 4440 in
543 4377 645 4443 oculis
667 4377 809 4458 nostris3
837 4375 1035 4441 sufficienter
1058 4379 1171 4441 temen
1194 4374 1391 4453 conclusiva,
1415 4394 1497 4461 quo·

478 4659 486 4692 ¹
499 4659 555 4712 The
571 4659 654 4711 initiat
676 4660 750 4711 letter
766 4659 887 4720 omitted;
907 4659 947 4708 in-
1022 4657 1076 4708 ²1n
1087 4656 1196 4709 allusion
1207 4663 1233 4709 to
1245 4653 1324 4708 Mate
1336 4655 1391 4707 xxi.
1403 4661 1443 4707 ⁴2.

444 4741 534 4792 tended
552 4747 579 4790 to
597 4743 629 4792 be
650 4739 762 4805 supplied
779 4739 807 4788 in
824 4737 947 4790 illumina·
1023 4737 1245 4801 'circumfulcimet
1254 4738 1281 4787 11
1294 4736 1350 4789 MS.

443 4819 505 4872 tion.
1021 4817 1075 4868 4Ῑ1
1088 4817 1197 4868 allusion
1209 4823 1237 4868 to
1248 4817 1312 4868 Acts
1321 4817 1358 4868 ix.
1370 4819 1394 4865 8.
