3668 5842
475 865 541 928 250
808 875 1006 927 uuorsrnun
1028 873 1186 926 mnarum

302 1067 374 1126 Μ).
389 1067 571 1128 lauterunt
602 1063 691 1128 inter
723 1083 758 1129 se
788 1063 923 1128 tandem
954 1062 1156 1128 concorditer
1185 1066 1221 1127 et
1251 1059 1436 1128 conclusive
1464 1077 1523 1144 per

472 1167 561 1232 hunc
593 1165 728 1232 modum
739 1173 811 1246 ;-·“
826 1164 1042 1231 Tolerabilius
1076 1169 1127 1230 est
1155 1185 1274 1252 paucos
1303 1163 1394 1228 luere
1423 1182 1522 1248 quam

472 1275 491 1304 “
511 1269 621 1356 plures
650 1289 753 1356 egere,
781 1267 1071 1354 honorabiliusque
1093 1268 1216 1355 Regem
1238 1267 1352 1332 vivere
1383 1263 1423 1330 de
1448 1285 1522 1351 pro-

473 1378 491 1409 “
513 1371 603 1459 priis,
626 1393 727 1457 quam
750 1371 880 1437 assidue
902 1379 999 1436 taxas
1020 1370 1162 1457 exigere,
1185 1369 1354 1450 ettalliss,
1369 1367 1468 1434 etita
1482 1367 1523 1432 de

473 1479 493 1510 “
515 1473 639 1556 alienis,
654 1474 764 1561 potius
781 1495 880 1559 quam
896 1473 937 1538 de
952 1473 1115 1550 limitetis,
1138 1477 1264 1538 statum
1285 1493 1382 1537 suum
1396 1469 1522 1558 regium

304 1647 426 1772 unuln
513 1580 803 1766 ἓξὲξὲἑωέἰθῷηως
825 1639 1044 1746 decreverunt
1075 1699 1188 1745 omues
1218 1681 1253 1743 et
1282 1675 1413 1763 singuli,
1435 1696 1522 1743 com-

303 1757 449 1874 ffissffl
472 1783 565 1847 muni
587 1803 730 1860 assensu,
745 1787 781 1848 et
803 1781 962 1862 unanimi,
986 1783 1163 1867 quamdam
1184 1781 1300 1846 billum
1323 1801 1421 1867 super
1435 1779 1524 1845 dicta

304 1889 434 1950 mentior
473 1885 611 1950 materia
642 1885 817 1971 concipere,
851 1905 989 1970 eamque
1021 1889 1210 1971 conceptam
1243 1882 1408 1970 porrigere
1430 1881 1522 1969 Regi,

304 1957 511 2090 immeo
533 1987 574 2052 de
596 1986 738 2052 remedio
761 1987 945 2075 implorare.
990 1987 1110 2072 Sieque
1132 1986 1173 2052 de
1200 1991 1340 2064 matura,
1365 1985 1522 2064 modesta,

304 2089 403 2208 we
474 2093 508 2156 et
530 2109 666 2168 morosa,
691 2088 927 2155 deliberatione
949 2088 1097 2176 ipsorum
1120 2087 1278 2168 omnium,
1301 2087 1382 2153 billa
1402 2088 1439 2152 in
1463 2087 1525 2153 hac

355 2193 361 2206 '
420 2183 423 2193 '
474 2191 613 2256 materia
633 2196 791 2278 concepta
812 2192 931 2270 fuerat,
959 2196 1175 2277 porrectaque
1208 2189 1351 2256 Domino
1373 2189 1465 2278 Regi,
1488 2189 1524 2253 in

343 2332 346 2340 ·
473 2294 579 2359 forma
602 2313 667 2378 qua
689 2292 726 2357 in
748 2294 831 2360 serie
854 2292 1067 2378 subsequenti
1097 2293 1242 2360 calamus
1272 2293 1401 2380 plenius
1430 2313 1523 2357 enar-

472 2395 615 2464 rabit.—

473 2641 570 2710 Bc'llo
602 2649 761 2728 porrecto
795 2641 948 2708 Domino
981 2641 1068 2727 Regi
1105 2641 1149 2708 o’oa
1182 2641 1432 2724 Parla'orneoto,
1463 2665 1527 2732 per

566 2744 857 2812 commaculatam
879 2743 985 2830 repul,
1010 2766 1113 2831 cuper
1138 2743 1214 2810 illas
1244 2745 1403 2812 ommibus
1430 2768 1525 2813 resu-

568 2847 712 2928 mendas,
735 2847 775 2915 de
797 2846 922 2935 quibus
934 2847 982 2932 fit
1003 2846 1131 2914 caeto
1153 2847 1197 2914 ica
1213 2848 1414 2935 premissis.

306 3011 465 3066 Centaureos
522 3000 540 3028 “
558 2989 752 3080 ¹Supplicot
775 2991 945 3058 humiliter
967 2989 1182 3058 Excellentiae
1208 2995 1330 3060 vestra
1355 2993 1462 3081 regiae,
1487 3017 1526 3062 ec

304 3079 414 3198 ξῶῧζῑξ
479 3102 497 3129 “
523 3096 624 3163 etiem
647 3094 812 3172 humilius,
828 3097 902 3160 tota
923 3093 961 3158 in
975 3093 1131 3180 proeseuti
1152 3092 1374 3162 Parli'amento
1394 3109 1528 3184 congre-

304 3184 423 3276 Peu’tion,
481 3203 498 3232 “
520 3202 599 3284 geta
616 3196 851 3275 Communitas,
872 3195 1039 3281 quatinus,
1054 3195 1113 3261 ubi
1129 3193 1284 3282 Princeps
1299 3197 1526 3266 victmiosissi·

305 3295 423 3396 fflssg·
478 3306 496 3334 “
519 3321 602 3380 mus,
625 3303 720 3385 pater
741 3303 861 3377 vester,
883 3299 1008 3364 dudum
1034 3303 1192 3377 mortuus,
1215 3298 1337 3385 aliique
1363 3301 1526 3388 principes

306 3412 433 3476 sampson
478 3408 496 3438 “
520 3401 607 3466 uarii
630 3400 766 3481 nobiles,
790 3401 1016 3488 progenitores
1032 3401 1144 3483 vestri,
1161 3407 1349 3480 tenuerunt,
1365 3425 1403 3472 oc
1424 3403 1525 3470 etiam

393 3561 408 3594 n
519 3508 807 3579 manutenuerunt,
838 3524 913 3570 oum
942 3503 1133 3570 reventibus
1167 3509 1203 3570 et
1228 3505 1444 3591 proventibus
1473 3509 1526 3574 sui

478 3610 496 3641 “
519 3606 622 3692 regui,
637 3604 718 3671 adeo
733 3603 933 3672 laudabilem
956 3610 991 3672 ct
1012 3604 1236 3672 honorabilem
1253 3611 1380 3672 statum
1400 3608 1437 3674 in
1457 3609 1526 3676 suis

478 3714 495 3743 “
516 3707 678 3794 hospitiis,
701 3708 786 3775 sicut
815 3707 951 3788 faciunt,
974 3729 1032 3774 seu
1062 3731 1209 3795 unquam
1241 3710 1399 3793 feoeumt,
1423 3712 1526 3799 aliqui

386 3811 392 3822 '
428 3849 435 3864 ·
477 3819 494 3847 “
516 3810 573 3876 alii
595 3810 758 3898 principes
779 3811 814 3876 in
838 3811 949 3897 aliqua
971 3811 1103 3899 regione
1124 3812 1229 3878 totius
1244 3813 1526 3897 Christianitatis;

476 3921 494 3950 “
516 3913 553 3978 in
582 3935 650 3980 non
681 3913 844 3980 modicum
867 3914 1074 3981 commodum
1097 3919 1131 3980 et
1154 3915 1299 4001 quietem
1321 3939 1390 3984 suae
1412 3917 1525 4005 plebis,

476 4023 494 4051 “
516 4017 553 4082 in
582 4016 936 4103 preservatiouemque
964 4016 1069 4104 ipsius
1098 4017 1140 4083 ab
1170 4017 1260 4084 omui
1288 4040 1408 4105 genere
1437 4043 1526 4086 mur-

475 4127 494 4155 “
516 4119 721 4188 murationis.
767 4118 838 4186 Ubi
868 4119 971 4185 etiam
1000 4120 1138 4187 fuerunt
1168 4141 1254 4209 saepe
1280 4126 1315 4187 et
1340 4122 1461 4211 saepius
1482 4124 1525 4190 ab

476 4228 494 4257 ‘⁶
517 4222 631 4288 eadem
652 4226 765 4288 vestra
786 4220 880 4310 plebe
902 4222 1042 4309 grandes
1058 4224 1279 4290 concessiones
1300 4225 1397 4291 vobis
1419 4225 1524 4304 factm,

476 4332 494 4360 “
515 4327 550 4388 et
572 4323 743 4404 notabiles,
765 4325 800 4389 in
823 4325 1107 4411 supportationem
1130 4326 1234 4392 vestri
1256 4331 1364 4393 status
1385 4329 1468 4416 regii
1489 4333 1526 4396 et

475 4433 493 4461 “
515 4425 1013 4504 honoris‚-Vos²nihilominus
1024 4428 1061 4493 in
1073 4433 1142 4494 tam
1158 4429 1324 4517 gravibus,
1335 4431 1524 4517 grandibus,

476 4537 493 4564 “
516 4533 551 4594 et
572 4528 795 4608 horribilibus,
818 4530 1033 4617 pecuniarum
1060 4533 1197 4597 summis
1218 4532 1396 4600 indebitati
1418 4535 1525 4615 statis,

508 4775 582 4828 ¹'l'he
599 4778 653 4828 first
675 4779 748 4828 letter
766 4779 787 4828 is
810 4779 930 4841 omitted3
951 4787 977 4830 to
1056 4777 1244 4830 2m'clu'louu'aus
1254 4781 1281 4831 iu
1293 4783 1348 4834 MS.

473 4855 852 4922 besuppliedinillumination
1248 4857 1250 4862 ’
