3560 5838
474 893 539 958 468
874 904 1050 956 menum
1074 889 1133 975 (n).

476 1088 690 1176 specialitatis
712 1093 771 1156 eut
794 1089 1036 1156 commoditatis
1051 1089 1228 1166 continere,
1243 1086 1338 1154 fieret
1360 1087 1522 1174 posterius

474 1191 575 1280 larga,
607 1193 724 1272 lucide,
747 1199 782 1258 et
815 1193 986 1280 specifica3
1018 1191 1193 1278 taliterque
1224 1190 1377 1257 clausulis
1409 1189 1518 1270 variis,

475 1294 615 1360 utilibus
638 1301 672 1360 et
695 1295 890 1374 necessariis,
913 1294 1087 1373 declarate,
1102 1298 1142 1358 ut
1158 1291 1246 1358 infra
1259 1297 1367 1358 totum
1382 1313 1518 1380 Qum

475 1418 543 1462 non
565 1397 675 1464 fuerat
697 1397 830 1484 aliquod
846 1397 1092 1476 Monceterium,
1115 1395 1204 1481 quod
1225 1401 1372 1481 tempore
1394 1415 1520 1460 conces·

475 1499 576 1565 sionis
599 1499 759 1564 habuerat
781 1499 845 1564 sibi
868 1519 986 1584 parem

444 1659 448 1666 .
519 1599 615 1680 Item,
637 1601 723 1666 idem
746 1601 867 1678 Abbas,
891 1621 948 1685 per
979 1599 1227 1665 renovationem
1252 1598 1383 1677 dictem
1405 1598 1519 1663 taliter

475 1702 644 1789 elargavit,
668 1703 737 1768 sive
759 1688 939 1788 ampliavit,
961 1723 1028 1767 suae
1060 1701 1200 1766 ecclcsiae
1231 1699 1455 1780 franchesiam,
1479 1707 1518 1764 ut

474 1803 634 1870 nullicubi
656 1803 743 1869 infra
763 1823 900 1890 regnum
923 1803 1067 1879 heberet,
1089 1807 1149 1868 eut
1172 1801 1213 1868 de
1235 1801 1374 1888 entique
1395 1823 1517 1887 posses·

474 1905 565 1970 sione
587 1911 647 1970 eut
669 1905 807 1986 novelle,
830 1905 946 1991 pedem
969 1910 1066 1970 terrae
1088 1905 1142 1968 vel
1166 1904 1310 1982 unicum,
1333 1903 1414 1990 quin
1444 1924 1517 1968 cum

474 2007 572 2092 plena
593 2007 747 2072 libertate
770 2006 991 2072 includeretur
1013 2004 1100 2069 infre
1122 2025 1200 2069 eam.

519 2107 615 2188 Item,
631 2109 757 2174 virtute
780 2108 878 2174 diotae
899 2107 1131 2184 renovationis,
1148 2108 1297 2186 cassavit,
1313 2107 1468 2184 imitavit,
1483 2113 1518 2172 et

475 2210 658 2290 evacuavit,
681 2210 839 2296 placitum
863 2208 1091 2275 1attentatum
1119 2216 1233 2274 contra
1256 2230 1331 2274 eum
1357 2229 1417 2294 pro
1443 2208 1519 2274 deo·

474 2311 599 2378 dandis.
644 2313 689 2377 Et
712 2311 797 2377 circei
819 2312 905 2376 hano
929 2310 1179 2376 renovationem
1201 2310 1393 2396 expendisse
1414 2309 1520 2374 fertur

474 2412 563 2478 ultra
584 2435 746 2478 summam
770 2413 939 2498 octoginta
961 2412 1101 2477 duarum
1123 2411 1289 2478 librarum.

516 2513 614 2592 Item,
638 2514 725 2580 idem
749 2514 870 2591 Abbae,
894 2530 994 2601 prope
1016 2519 1164 2600 tempore
1186 2535 1255 2580 suae
1277 2513 1519 2599 resignationis,

474 2615 616 2680 tradidit
629 2615 745 2696 Priori,
769 2617 948 2703 Suppriori,
971 2623 1005 2680 et
1027 2615 1277 2692 Archidiecono,
1292 2636 1395 2680 unum
1413 2615 1518 2700 joccle

474 2717 662 2804 pretiosum,
678 2717 742 2782 sibi
757 2723 791 2783 et
805 2717 879 2782 eliis
901 2739 960 2804 pro
976 2716 1228 2804 quadringentis
1250 2717 1343 2782 libris
1356 2717 1518 2803 impigno-

474 2825 593 2898 ratum‚
603 2819 777 2906 voluitque
791 2825 831 2885 ut
844 2818 991 2905 pecuniae
1006 2819 1083 2884 inde
1098 2819 1329 2905 provenientes
1343 2819 1519 2884 tenderent

474 2921 517 2988 ad
548 2922 786 2987 incrementum
809 2921 901 2986 cistae
931 2919 1121 2986 communis.
1179 2921 1225 2985 Et
1251 2919 1410 3005 expendit
1432 2921 1517 2985 circa

473 3023 741 3111 perquisitionem
757 3023 966 3109 possessionis
984 3021 1056 3106 jem
1077 3021 1158 3086 dicti
1165 3021 1288 3107 jocalis,
1304 3041 1379 3086 cum
1399 3023 1519 3107 saepius

390 3190 394 3200 ,
474 3125 591 3203 fuerat,
621 3131 754 3212 propter
786 3123 997 3210 depositionis
1029 3123 1202 3200 incuriam,
1225 3124 1260 3186 in
1282 3123 1340 3187 via
1369 3123 1518 3209 deperdi-

473 3228 584 3305 tionis,
615 3227 763 3312 circeque
795 3225 924 3290 Bullam
959 3225 1214 3312 Resignationis,
1237 3224 1325 3290 ultra
1355 3247 1517 3290 summam

473 3329 597 3417 viginti
621 3329 789 3395 librarum.

520 3431 610 3510 Haec,
626 3435 662 3496 et
677 3431 782 3496 multe
796 3431 862 3495 alia
876 3430 965 3496 bone
986 3451 1093 3514 opera,
1109 3430 1180 3516 egit
1195 3427 1294 3493 Peter
1312 3429 1428 3505 dictus,
1443 3451 1517 3515 quae

472 3553 541 3597 non
555 3537 635 3596 sunt
648 3531 770 3618 scripta
784 3533 821 3595 in
843 3532 927 3597 libro
942 3532 1011 3598 hoo.
1057 3530 1139 3596 Haeo
1166 3535 1276 3596 autem
1293 3532 1415 3616 scripto
1429 3539 1517 3608 suut,

473 3638 512 3698 ut
534 3633 647 3719 legant
669 3633 793 3712 fratres,
816 3639 919 3718 utque
945 3634 1091 3720 legentes
1123 3632 1343 3698 ardentiorem
1374 3632 1518 3699 habeant

473 3735 654 3822 appetitum
678 3733 721 3798 ad
743 3734 903 3799 orandum
926 3735 962 3800 iu
984 3735 1090 3820 specie
1112 3756 1171 3820 pro
1194 3733 1304 3799 anime
1325 3734 1483 3820 ipsius-

562 3887 663 3956 Ultro
679 3889 751 3974 jem
773 3888 870 3966 dicta,
893 3909 967 3974 quae
990 3894 1067 3953 sunt
1090 3909 1226 3953 numero
1251 3886 1332 3954 setis
1354 3888 1472 3974 ample,

562 3990 664 4057 Dives
686 3992 766 4056 item
789 3989 888 4067 Gella,
912 3987 1121 4054 “Penbrok”
1143 4012 1164 4053 e
1185 3988 1279 4076 plebe
1301 3994 1427 4070 vocata,

561 4092 623 4158 Per
645 4093 749 4180 petuis
771 4093 881 4157 medic
901 4091 967 4155 fuit
989 4089 1130 4156 ecclesiae
1151 4091 1327 4178 propriata,

561 4195 642 4261 Ossa
664 4194 795 4281 tegique
816 4215 877 4258 sua
899 4190 1003 4278 ²legit
1024 4191 1208 4278 proprietor
1230 4189 1290 4256 8in
1311 4191 1391 4278 ipsa.

503 4513 691 4578 ¹attemptatvm
702 4512 730 4562 in
741 4511 796 4562 MS.
1013 4513 1220 4565 Whethamstede
1253 4511 1375 4576 probably
1402 4511 1518 4579 changed

504 4591 657 4654 'Intended
668 4591 800 4656 probably,
810 4589 971 4658 for“1epct,'’
1013 4591 1052 4644 bis
1074 4591 1144 4644 mind
1167 4607 1202 4643 on
1229 4589 1363 4656 becomiug
1385 4589 1474 4641 Abbot
1499 4605 1515 4642 a

471 4671 649 4738 or“leyarie.”
1012 4672 1105 4722 second
1122 4669 1191 4732 time,
1206 4669 1257 4719 eud
1274 4667 1350 4719 chose
1368 4667 1409 4720 his
1420 4669 1517 4719 burisl-

503 4749 588 4802 ⁸Tbis
599 4749 722 4801 intention
740 4763 792 4800 vas
809 4758 854 4801 not
873 4749 969 4802 carried
1012 4749 1093 4814 pisce,
1104 4756 1150 4798 not
1161 4755 1188 4798 at
1198 4747 1345 4806 Pembroke,
1362 4748 1407 4797 but
1423 4747 1513 4798 within

469 4835 532 4890 cun
566 4831 624 4892 aud,
652 4843 680 4880 se
707 4831 809 4881 Heerne
843 4837 967 4896 suggests,
1012 4825 1404 4890 thevvellsolhisovnAbbey.
