3668 5842
469 903 533 968 290
798 915 996 966 uaeramus
1019 917 1178 968 sennua

465 1263 643 1330 Processus
672 1263 712 1331 de
741 1265 894 1332 suasione
917 1265 1079 1353 salomom
1102 1289 1124 1333 o
1150 1267 1265 1347 aaa,
1290 1267 1382 1335 etde
1406 1268 1512 1356 inope-

554 1366 701 1434 troto'oae
719 1365 982 1456 perdonationis
1000 1392 1067 1458 pro
1084 1369 1326 1458 sortsfuotooae
1348 1369 1422 1438 etta.

300 1561 367 1613 AD.
382 1567 453 1615 ress.
509 1546 618 1614 ¹Cum
649 1570 720 1615 sero
751 1549 874 1616 fastum
908 1555 993 1616 esset
1023 1551 1060 1616 in
1090 1573 1177 1617 anno
1208 1555 1310 1630 sexto,
1342 1557 1377 1618 et
1406 1551 1514 1617 Janus

298 1641 454 1760 mim
466 1649 583 1738 biceps,
608 1652 665 1738 qui
688 1650 775 1717 solus
797 1652 886 1718 inter
908 1652 1059 1740 Superos,
1082 1659 1122 1720 ut
1144 1653 1260 1721 scribit
1282 1652 1454 1733 ²Ovidiua

159 1817 163 1826 ,
297 1775 455 1828 theAbbot’s
554 1777 686 1859 “Quod
708 1780 753 1845 sit
776 1784 811 1846 et
833 1803 854 1845 a
875 1785 979 1868 tergo,
1002 1775 1091 1868 quod
1113 1782 1160 1848 sit
1182 1787 1217 1848 et
1239 1790 1325 1862 ante,
1349 1781 1470 1861 videit„

300 1841 454 1962 giodiiin’ss·
466 1907 631 1974 clauderet
668 1907 733 1972 sibi
758 1907 889 1994 januas,
923 1908 1131 1996 aperiretque
1161 1910 1246 1978 fores
1283 1916 1317 1977 et
1354 1911 1513 1978 fenestras

466 2010 545 2076 anni
567 2009 803 2096 subsequentis,
827 2017 1027 2097 aperuerunt
1048 2012 1150 2078 etiam
1173 2013 1326 2094 latrones,
1349 2012 1386 2078 in
1408 2033 1514 2080 euroe-

465 2113 558 2179 ribus
589 2113 773 2192 existentes,
803 2113 936 2201 singula
965 2115 1133 2182 firmacula
1164 2137 1232 2182 suae
1263 2113 1514 2196 ³eutenntionis,

466 2215 707 2302 suadentesque
738 2215 782 2281 ad
803 2216 979 2298 eeclesiam,
1011 2224 1264 2306 permanserunt
1292 2218 1416 2285 ibidem
1446 2240 1514 2284 non

465 2318 577 2404 paucis
599 2316 722 2384 diebus.

298 2434 353 2485 The
366 2433 453 2485 attor
509 2420 561 2486 De
589 2443 654 2507 qua
683 2420 835 2487 evasione
858 2421 973 2488 Abbas
1002 2423 1147 2504 audiens,
1170 2446 1237 2490 non
1268 2445 1406 2512 parvum
1435 2423 1514 2490 inde

297 2501 437 2620 mn
466 2522 772 2610 distemperantiam
804 2531 921 2591 eontra
954 2525 1123 2592 custodem
1156 2527 1263 2613 gaolae
1297 2531 1511 2614 oonoeperat3

298 2635 340 2687 ua
353 2635 453 2698 uesper.
465 2647 525 2712 pro
547 2648 584 2692 eo
607 2626 696 2712 quod
725 2627 794 2715 ipse
816 2627 897 2692 bina
917 2628 990 2694 vioe
1019 2628 1110 2708 alias,
1133 2628 1221 2695 infra
1243 2633 1311 2695 tres
1342 2650 1454 2708 annos,
1476 2628 1514 2692 in

466 2729 606 2795 similem
629 2729 790 2795 evasionis
812 2727 1071 2818 ‘negligentiam
1101 2730 1275 2798 inuidebat
1322 2730 1515 2797 Exonemm

465 2831 568 2919 igitur
589 2832 697 2918 ipsum
719 2830 763 2896 ab
785 2831 898 2912 officio,
921 2831 1132 2899 subinstituit
1154 2833 1305 2913 alterum,
1329 2833 1388 2920 qui
1410 2834 1516 2920 magis

464 2935 600 3000 idoneus
621 2935 739 3013 fuerat,
762 2935 983 3021 majoremque
1013 2935 1057 3001 ad
1080 2936 1276 3002 salvandum
1308 2936 1415 3024 ipsum
1439 2933 1514 3000 ³in-

465 3036 616 3103 demnem
654 3059 731 3125 erga
769 3036 948 3104 Dominum
983 3037 1107 3127 Regem
1141 3037 1374 3107 sufficientiam
1413 3038 1515 3126 possi·

466 3141 576 3207 debat

297 3269 424 3321 Toavotu
511 3241 585 3323 Quo
607 3243 798 3320 substituto,
823 3241 948 3321 direxit
979 3264 1058 3309 mox
1087 3244 1250 3331 posterius
1281 3243 1439 3310 nuncium
1470 3242 1514 3308 sd

298 3338 438 3387 rhenense-
468 3343 701 3410 Oaneellariam
724 3345 859 3410 Domini
876 3343 984 3431 Regis,
1004 3345 1044 3409 ad
1069 3345 1294 3432 accipiendum
1318 3345 1396 3410 inde
1411 3345 1515 3410 Litte-

298 3419 521 3533 miseras
546 3446 708 3528 Potentes,
731 3447 810 3533 quia
841 3468 899 3533 pro
930 3451 1011 3512 tuno
1042 3446 1191 3513 instabat
1213 3451 1343 3536 tempus
1374 3446 1515 3535 ⁰gratiae

299 3537 388 3614 Abba
468 3550 510 3614 de
535 3547 679 3635 generali
710 3548 973 3636 perdonatione3
1004 3548 1117 3636 vigore
1144 3571 1285 3637 quarum
1313 3555 1421 3638 posset
1451 3547 1515 3614 sibi

297 3605 423 3720 difflua
467 3651 642 3740 perdonari
664 3651 707 3716 ab
730 3651 883 3716 omnibus
905 3651 1041 3737 esoapiis
1064 3651 1133 3717 sive
1155 3651 1371 3719 forisfacturis
1392 3651 1434 3717 de
1456 3672 1515 3716 suo

297 3736 418 3852 {ffie
467 3759 623 3840 tempore,
645 3775 748 3840 usque
771 3753 815 3819 ad
837 3752 922 3818 illud
944 3759 1075 3840 tempus
1093 3759 1173 3822 tune
1188 3775 1337 3842 praesens
1376 3751 1423 3819 Et
1444 3757 1516 3819 erat

299 3868 440 4002 Offlprty·
467 3857 564 3923 dietae
587 3856 833 3944 perdonationis
855 3859 951 3922 tenor
972 3855 1105 3922 talis—

501 4141 584 4192 ”rtis
605 4141 686 4191 initinl
708 4141 781 4192 letter
796 4139 819 4190 is
838 4137 965 4204 euriously
1016 4145 1081 4199 unte,
1094 4138 1166 4190 eides.

469 4223 631 4272 ornamented
647 4220 708 4271 with
719 4227 817 4286 trueery
830 4217 906 4280 work,
923 4233 966 4281 ap·
1049 4218 1060 4250 ³
1070 4218 1244 4270 sanassent
1253 4218 1280 4268 in
1292 4217 1348 4269 MS.

467 4301 582 4365 parently
593 4300 619 4350 in
630 4300 720 4350 Indian
731 4300 783 4349 ink.
1050 4299 1059 4330 ⁴
1072 4297 1251 4364 neeyliyentr'am
1261 4297 1287 4348 in
1300 4297 1355 4349 MS.

501 4380 512 4412 ²
522 4380 603 4430 Fasti.
615 4380 645 4430 B.
656 4379 674 4429 i.
686 4381 702 4429 l.
715 4385 780 4430 92-
1050 4378 1061 4411 ⁵
1072 4378 1217 4445 indengoaem
1228 4377 1254 4427 iu
1265 4376 1321 4428 Ms.

504 4460 589 4524 Sitque
605 4459 670 4524 quod
684 4476 701 4508 u
719 4467 791 4525 tergo,
809 4461 888 4525 sitque
904 4459 969 4526 quood
1051 4457 1061 4488 ⁶
1071 4459 1145 4524 putioe
1156 4458 1181 4508 in
1192 4457 1250 4509 MS.
