<?xml version="1.0" encoding="UTF-8"?>
<!DOCTYPE html PUBLIC "-//W3C//DTD XHTML 1.0 Transitional//EN"
    "http://www.w3.org/TR/xhtml1/DTD/xhtml1-transitional.dtd">
<html xmlns="http://www.w3.org/1999/xhtml" xml:lang="en" lang="en">
 <head>
  <title>
</title>
<meta http-equiv="Content-Type" content="text/html;charset=utf-8" />
  <meta name='ocr-system' content='tesseract 3.04.00' />
  <meta name='ocr-capabilities' content='ocr_page ocr_carea ocr_par ocr_line ocrx_word'/>
</head>
<body>
  <div class='ocr_page' id='page_1' title='image "./registraquorund00wallgoog_0523.png"; bbox 0 0 3560 5838; ppageno 0'>
   <div class='ocr_carea' id='block_1_1' title="bbox 676 890 1329 979">
    <p class='ocr_par' dir='ltr' id='par_1_1' title="bbox 676 890 1329 979">
     <span class='ocr_line' id='line_1_1' title="bbox 676 890 1329 979; baseline 0.005 -23"><span class='ocrx_word' id='word_1_1' title='bbox 676 906 852 957; x_wconf 71' lang='lat' dir='ltr'>mrnunrx</span> <span class='ocrx_word' id='word_1_2' title='bbox 875 890 939 979; x_wconf 88' lang='lat' dir='ltr'>(n).</span> <span class='ocrx_word' id='word_1_3' title='bbox 1264 894 1329 959; x_wconf 81' lang='lat'>465</span> 
     </span>
    </p>
   </div>
   <div class='ocr_carea' id='block_1_2' title="bbox 281 1093 1399 4234">
    <p class='ocr_par' dir='ltr' id='par_1_2' title="bbox 281 1093 1328 1385">
     <span class='ocr_line' id='line_1_2' title="bbox 329 1093 1326 1176; baseline 0 -16"><span class='ocrx_word' id='word_1_4' title='bbox 329 1093 448 1174; x_wconf 83' lang='lat' dir='ltr'>¹Item,</span> <span class='ocrx_word' id='word_1_5' title='bbox 475 1096 517 1162; x_wconf 86' lang='lat' dir='ltr'>de</span> <span class='ocrx_word' id='word_1_6' title='bbox 547 1094 672 1162; x_wconf 83' lang='lat' dir='ltr'>Thema</span> <span class='ocrx_word' id='word_1_7' title='bbox 702 1097 841 1162; x_wconf 88' lang='lat' dir='ltr'>Bordale</span> <span class='ocrx_word' id='word_1_8' title='bbox 872 1118 976 1162; x_wconf 90' lang='lat' dir='ltr'>unum</span> <span class='ocrx_word' id='word_1_9' title='bbox 1007 1096 1146 1163; x_wconf 73' lang='lat' dir='ltr'>crottum</span> <span class='ocrx_word' id='word_1_10' title='bbox 1178 1095 1326 1176; x_wconf 84' lang='lat' dir='ltr'>alterum,</span> 
     </span>
     <span class='ocr_line' id='line_1_3' title="bbox 281 1196 1328 1282; baseline -0.001 -19"><span class='ocrx_word' id='word_1_11' title='bbox 281 1196 392 1282; x_wconf 83' lang='lat' dir='ltr'>juvens</span> <span class='ocrx_word' id='word_1_12' title='bbox 422 1197 523 1263; x_wconf 90' lang='lat' dir='ltr'>etiam</span> <span class='ocrx_word' id='word_1_13' title='bbox 544 1197 632 1264; x_wconf 86' lang='lat' dir='ltr'>infra</span> <span class='ocrx_word' id='word_1_14' title='bbox 660 1203 764 1264; x_wconf 83' lang='lat' dir='ltr'>terras</span> <span class='ocrx_word' id='word_1_15' title='bbox 793 1199 875 1276; x_wconf 86' lang='lat' dir='ltr'>illas,</span> <span class='ocrx_word' id='word_1_16' title='bbox 898 1204 932 1264; x_wconf 89' lang='lat' dir='ltr'>et</span> <span class='ocrx_word' id='word_1_17' title='bbox 963 1199 1125 1264; x_wconf 76' lang='lat' dir='ltr'>annexuit</span> <span class='ocrx_word' id='word_1_18' title='bbox 1153 1198 1191 1262; x_wconf 92' lang='lat' dir='ltr'>in</span> <span class='ocrx_word' id='word_1_19' title='bbox 1223 1197 1328 1264; x_wconf 89' lang='lat' dir='ltr'>forma</span> 
     </span>
     <span class='ocr_line' id='line_1_4' title="bbox 288 1299 473 1385; baseline 0.016 -23"><span class='ocrx_word' id='word_1_20' title='bbox 288 1319 353 1382; x_wconf 88' lang='lat' dir='ltr'>qus</span> <span class='ocrx_word' id='word_1_21' title='bbox 375 1299 473 1385; x_wconf 87' lang='lat' dir='ltr'>prius.</span> 
     </span>
    </p>

    <p class='ocr_par' dir='ltr' id='par_1_3' title="bbox 286 1396 1329 1693">
     <span class='ocr_line' id='line_1_5' title="bbox 330 1396 1326 1488; baseline 0.001 -24"><span class='ocrx_word' id='word_1_22' title='bbox 330 1396 447 1478; x_wconf 73' lang='lat' dir='ltr'>’Item</span> <span class='ocrx_word' id='word_1_23' title='bbox 478 1401 519 1466; x_wconf 91' lang='lat' dir='ltr'>de</span> <span class='ocrx_word' id='word_1_24' title='bbox 556 1399 732 1467; x_wconf 85' lang='lat' dir='ltr'>Edmundo</span> <span class='ocrx_word' id='word_1_25' title='bbox 761 1402 902 1488; x_wconf 88' lang='lat' dir='ltr'>Westby</span> <span class='ocrx_word' id='word_1_26' title='bbox 938 1403 1115 1488; x_wconf 84' lang='lat' dir='ltr'>qnamdam</span> <span class='ocrx_word' id='word_1_27' title='bbox 1153 1400 1326 1487; x_wconf 85' lang='lat' dir='ltr'>paroellam</span> 
     </span>
     <span class='ocr_line' id='line_1_6' title="bbox 286 1501 1329 1588; baseline 0 -20"><span class='ocrx_word' id='word_1_28' title='bbox 286 1507 390 1581; x_wconf 81' lang='lat' dir='ltr'>terrae,</span> <span class='ocrx_word' id='word_1_29' title='bbox 400 1501 565 1588; x_wconf 80' lang='lat' dir='ltr'>jacentem</span> <span class='ocrx_word' id='word_1_30' title='bbox 584 1504 805 1570; x_wconf 74' lang='lat' dir='ltr'>intermixtim</span> <span class='ocrx_word' id='word_1_31' title='bbox 827 1504 915 1570; x_wconf 87' lang='lat' dir='ltr'>infra</span> <span class='ocrx_word' id='word_1_32' title='bbox 936 1510 1040 1570; x_wconf 86' lang='lat' dir='ltr'>terras</span> <span class='ocrx_word' id='word_1_33' title='bbox 1063 1503 1199 1568; x_wconf 85' lang='lat' dir='ltr'>manerii</span> <span class='ocrx_word' id='word_1_34' title='bbox 1220 1502 1329 1582; x_wconf 82' lang='lat' dir='ltr'>illius3</span> 
     </span>
     <span class='ocr_line' id='line_1_7' title="bbox 287 1605 1014 1693; baseline 0.007 -26"><span class='ocrx_word' id='word_1_35' title='bbox 287 1607 322 1668; x_wconf 84' lang='lat' dir='ltr'>et</span> <span class='ocrx_word' id='word_1_36' title='bbox 342 1605 498 1691; x_wconf 82' lang='lat' dir='ltr'>adjunxit</span> <span class='ocrx_word' id='word_1_37' title='bbox 518 1606 619 1672; x_wconf 87' lang='lat' dir='ltr'>etiam</span> <span class='ocrx_word' id='word_1_38' title='bbox 643 1607 679 1670; x_wconf 89' lang='lat' dir='ltr'>in</span> <span class='ocrx_word' id='word_1_39' title='bbox 701 1606 806 1672; x_wconf 84' lang='lat' dir='ltr'>forme</span> <span class='ocrx_word' id='word_1_40' title='bbox 829 1629 895 1693; x_wconf 91' lang='lat' dir='ltr'>qua</span> <span class='ocrx_word' id='word_1_41' title='bbox 916 1606 1014 1693; x_wconf 90' lang='lat' dir='ltr'>prius.</span> 
     </span>
    </p>

    <p class='ocr_par' dir='ltr' id='par_1_4' title="bbox 286 1703 1366 2101">
     <span class='ocr_line' id='line_1_8' title="bbox 330 1703 1327 1791; baseline 0 -20"><span class='ocrx_word' id='word_1_42' title='bbox 330 1703 449 1786; x_wconf 79' lang='lat' dir='ltr'>⁸Item,</span> <span class='ocrx_word' id='word_1_43' title='bbox 472 1708 596 1773; x_wconf 82' lang='lat' dir='ltr'>exemit</span> <span class='ocrx_word' id='word_1_44' title='bbox 617 1708 658 1774; x_wconf 91' lang='lat' dir='ltr'>de</span> <span class='ocrx_word' id='word_1_45' title='bbox 680 1731 781 1774; x_wconf 85' lang='lat' dir='ltr'>uxore</span> <span class='ocrx_word' id='word_1_46' title='bbox 804 1708 965 1775; x_wconf 87' lang='lat' dir='ltr'>Johannis</span> <span class='ocrx_word' id='word_1_47' title='bbox 987 1705 1189 1774; x_wconf 83' lang='lat' dir='ltr'>Bernewelle</span> <span class='ocrx_word' id='word_1_48' title='bbox 1214 1705 1271 1791; x_wconf 88' lang='lat' dir='ltr'>jus</span> <span class='ocrx_word' id='word_1_49' title='bbox 1293 1711 1327 1771; x_wconf 92' lang='lat' dir='ltr'>et</span> 
     </span>
     <span class='ocr_line' id='line_1_9' title="bbox 287 1807 1327 1895; baseline 0.001 -24"><span class='ocrx_word' id='word_1_50' title='bbox 287 1807 422 1873; x_wconf 86' lang='lat' dir='ltr'>titulum</span> <span class='ocrx_word' id='word_1_51' title='bbox 443 1831 525 1895; x_wconf 90' lang='lat' dir='ltr'>quos</span> <span class='ocrx_word' id='word_1_52' title='bbox 551 1810 669 1876; x_wconf 88' lang='lat' dir='ltr'>habuit</span> <span class='ocrx_word' id='word_1_53' title='bbox 690 1812 733 1876; x_wconf 86' lang='lat' dir='ltr'>ad</span> <span class='ocrx_word' id='word_1_54' title='bbox 764 1811 941 1876; x_wconf 90' lang='lat' dir='ltr'>terminum</span> <span class='ocrx_word' id='word_1_55' title='bbox 964 1810 1044 1876; x_wconf 77' lang='lat' dir='ltr'>vitre</span> <span class='ocrx_word' id='word_1_56' title='bbox 1066 1811 1102 1873; x_wconf 90' lang='lat' dir='ltr'>in</span> <span class='ocrx_word' id='word_1_57' title='bbox 1134 1807 1246 1887; x_wconf 88' lang='lat' dir='ltr'>erofto,</span> <span class='ocrx_word' id='word_1_58' title='bbox 1269 1828 1327 1872; x_wconf 90' lang='lat' dir='ltr'>vo·</span> 
     </span>
     <span class='ocr_line' id='line_1_10' title="bbox 286 1911 1366 1998; baseline -0.006 -20"><span class='ocrx_word' id='word_1_59' title='bbox 286 1913 358 1974; x_wconf 74' lang='lat' dir='ltr'>cato</span> <span class='ocrx_word' id='word_1_60' title='bbox 380 1911 561 1998; x_wconf 78' lang='lat' dir='ltr'>vulgariter</span> <span class='ocrx_word' id='word_1_61' title='bbox 583 1911 937 1990; x_wconf 82' lang='lat' dir='ltr'>“Oulverouuserofte,&#39;&#39;</span> <span class='ocrx_word' id='word_1_62' title='bbox 959 1916 994 1977; x_wconf 89' lang='lat' dir='ltr'>et</span> <span class='ocrx_word' id='word_1_63' title='bbox 1024 1911 1186 1976; x_wconf 79' lang='lat' dir='ltr'>annexuit</span> <span class='ocrx_word' id='word_1_64' title='bbox 1216 1911 1328 1994; x_wconf 83' lang='lat' dir='ltr'>itaque</span> <span class='ocrx_word' id='word_1_65' title='bbox 1363 1960 1366 1965; x_wconf 94' lang='lat'>.</span> 
     </span>
     <span class='ocr_line' id='line_1_11' title="bbox 288 2011 930 2101; baseline 0.011 -28"><span class='ocrx_word' id='word_1_66' title='bbox 288 2011 324 2074; x_wconf 90' lang='lat' dir='ltr'>in</span> <span class='ocrx_word' id='word_1_67' title='bbox 346 2011 537 2098; x_wconf 75' lang='lat' dir='ltr'>formaque</span> <span class='ocrx_word' id='word_1_68' title='bbox 558 2014 655 2101; x_wconf 84' lang='lat' dir='ltr'>prius</span> <span class='ocrx_word' id='word_1_69' title='bbox 929 2076 930 2086; x_wconf 71' lang='grc'>,</span> 
     </span>
    </p>

    <p class='ocr_par' dir='ltr' id='par_1_5' title="bbox 287 2111 1329 2384">
     <span class='ocr_line' id='line_1_12' title="bbox 296 2111 1328 2200; baseline -0.002 -23"><span class='ocrx_word' id='word_1_70' title='bbox 296 2185 299 2194; x_wconf 51' lang='grc'><em>,</em></span> <span class='ocrx_word' id='word_1_71' title='bbox 334 2111 429 2192; x_wconf 89' lang='lat' dir='ltr'>Item,</span> <span class='ocrx_word' id='word_1_72' title='bbox 459 2114 501 2182; x_wconf 90' lang='lat' dir='ltr'>de</span> <span class='ocrx_word' id='word_1_73' title='bbox 536 2136 639 2180; x_wconf 85' lang='lat' dir='ltr'>uxore</span> <span class='ocrx_word' id='word_1_74' title='bbox 677 2113 805 2180; x_wconf 86' lang='lat' dir='ltr'>Nicolai</span> <span class='ocrx_word' id='word_1_75' title='bbox 830 2115 998 2181; x_wconf 86' lang='lat' dir='ltr'>Walsham</span> <span class='ocrx_word' id='word_1_76' title='bbox 1033 2115 1089 2200; x_wconf 88' lang='lat' dir='ltr'>jus</span> <span class='ocrx_word' id='word_1_77' title='bbox 1125 2119 1160 2179; x_wconf 88' lang='lat' dir='ltr'>et</span> <span class='ocrx_word' id='word_1_78' title='bbox 1191 2113 1328 2180; x_wconf 93' lang='lat' dir='ltr'>titulum</span> 
     </span>
     <span class='ocr_line' id='line_1_13' title="bbox 287 2215 1329 2300; baseline -0.002 -20"><span class='ocrx_word' id='word_1_79' title='bbox 287 2235 368 2300; x_wconf 87' lang='lat' dir='ltr'>quos</span> <span class='ocrx_word' id='word_1_80' title='bbox 390 2215 515 2296; x_wconf 89' lang='lat' dir='ltr'>habuit,</span> <span class='ocrx_word' id='word_1_81' title='bbox 538 2217 667 2283; x_wconf 69' lang='lat' dir='ltr'>natione</span> <span class='ocrx_word' id='word_1_82' title='bbox 690 2217 785 2298; x_wconf 89' lang='lat' dir='ltr'>dotis,</span> <span class='ocrx_word' id='word_1_83' title='bbox 810 2218 845 2282; x_wconf 92' lang='lat' dir='ltr'>in</span> <span class='ocrx_word' id='word_1_84' title='bbox 875 2221 1062 2282; x_wconf 87' lang='lat' dir='ltr'>tenemento</span> <span class='ocrx_word' id='word_1_85' title='bbox 1088 2217 1211 2282; x_wconf 86' lang='lat' dir='ltr'>situato</span> <span class='ocrx_word' id='word_1_86' title='bbox 1234 2219 1329 2279; x_wconf 80' lang='lat' dir='ltr'>extra</span> 
     </span>
     <span class='ocr_line' id='line_1_14' title="bbox 289 2315 581 2384; baseline 0.01 -3"><span class='ocrx_word' id='word_1_87' title='bbox 289 2315 420 2383; x_wconf 91' lang='lat' dir='ltr'>Novam</span> <span class='ocrx_word' id='word_1_88' title='bbox 443 2319 581 2384; x_wconf 87' lang='lat' dir='ltr'>Portam.</span> 
     </span>
    </p>

    <p class='ocr_par' dir='ltr' id='par_1_6' title="bbox 288 2417 1394 3096">
     <span class='ocr_line' id='line_1_15' title="bbox 332 2417 1329 2507; baseline -0.002 -23"><span class='ocrx_word' id='word_1_89' title='bbox 332 2417 452 2498; x_wconf 71' lang='lat' dir='ltr'>‘Item</span> <span class='ocrx_word' id='word_1_90' title='bbox 482 2421 679 2507; x_wconf 80' lang='lat' dir='ltr'>perquisivit</span> <span class='ocrx_word' id='word_1_91' title='bbox 714 2421 802 2507; x_wconf 87' lang='lat' dir='ltr'>apud</span> <span class='ocrx_word' id='word_1_92' title='bbox 835 2419 1000 2486; x_wconf 85' lang='lat' dir='ltr'>Totharno</span> <span class='ocrx_word' id='word_1_93' title='bbox 1031 2441 1201 2507; x_wconf 84' lang='lat' dir='ltr'>quarreras</span> <span class='ocrx_word' id='word_1_94' title='bbox 1238 2418 1329 2494; x_wconf 78' lang='lat' dir='ltr'>duas,</span> 
     </span>
     <span class='ocr_line' id='line_1_16' title="bbox 288 2517 1327 2608; baseline -0.001 -24"><span class='ocrx_word' id='word_1_95' title='bbox 288 2520 448 2600; x_wconf 87' lang='lat' dir='ltr'>videlieet,</span> <span class='ocrx_word' id='word_1_96' title='bbox 480 2543 580 2587; x_wconf 89' lang='lat' dir='ltr'>unam</span> <span class='ocrx_word' id='word_1_97' title='bbox 610 2523 650 2588; x_wconf 91' lang='lat' dir='ltr'>de</span> <span class='ocrx_word' id='word_1_98' title='bbox 680 2522 805 2587; x_wconf 80' lang='lat' dir='ltr'>Thomu</span> <span class='ocrx_word' id='word_1_99' title='bbox 826 2521 943 2608; x_wconf 73' lang='lat' dir='ltr'>Jskys,</span> <span class='ocrx_word' id='word_1_100' title='bbox 965 2528 999 2588; x_wconf 83' lang='lat' dir='ltr'>et</span> <span class='ocrx_word' id='word_1_101' title='bbox 1022 2523 1159 2587; x_wconf 88' lang='lat' dir='ltr'>alteram</span> <span class='ocrx_word' id='word_1_102' title='bbox 1182 2522 1223 2586; x_wconf 87' lang='lat' dir='ltr'>de</span> <span class='ocrx_word' id='word_1_103' title='bbox 1244 2517 1327 2585; x_wconf 87' lang='lat' dir='ltr'>wil·</span> 
     </span>
     <span class='ocr_line' id='line_1_17' title="bbox 288 2622 1394 2711; baseline -0.002 -24"><span class='ocrx_word' id='word_1_104' title='bbox 288 2622 384 2688; x_wconf 88' lang='lat' dir='ltr'>lelmo</span> <span class='ocrx_word' id='word_1_105' title='bbox 414 2622 555 2704; x_wconf 89' lang='lat' dir='ltr'>Huntte,</span> <span class='ocrx_word' id='word_1_106' title='bbox 583 2630 617 2691; x_wconf 88' lang='lat' dir='ltr'>et</span> <span class='ocrx_word' id='word_1_107' title='bbox 646 2623 826 2711; x_wconf 73' lang='lat' dir='ltr'>assignavit</span> <span class='ocrx_word' id='word_1_108' title='bbox 857 2624 930 2689; x_wconf 81' lang='lat' dir='ltr'>illas</span> <span class='ocrx_word' id='word_1_109' title='bbox 959 2623 1071 2689; x_wconf 87' lang='lat' dir='ltr'>ambas</span> <span class='ocrx_word' id='word_1_110' title='bbox 1097 2624 1133 2688; x_wconf 92' lang='lat' dir='ltr'>in</span> <span class='ocrx_word' id='word_1_111' title='bbox 1166 2644 1262 2689; x_wconf 91' lang='lat' dir='ltr'>usum</span> <span class='ocrx_word' id='word_1_112' title='bbox 1294 2625 1328 2685; x_wconf 89' lang='lat' dir='ltr'>et</span> <span class='ocrx_word' id='word_1_113' title='bbox 1392 2697 1394 2702; x_wconf 23' lang='grc' dir='ltr'>Ι</span> 
     </span>
     <span class='ocr_line' id='line_1_18' title="bbox 288 2722 1326 2791; baseline -0.003 -2"><span class='ocrx_word' id='word_1_114' title='bbox 288 2722 491 2790; x_wconf 79' lang='lat' dir='ltr'>commodum</span> <span class='ocrx_word' id='word_1_115' title='bbox 516 2724 646 2791; x_wconf 67' lang='lat' dir='ltr'>aedificii</span> <span class='ocrx_word' id='word_1_116' title='bbox 668 2725 1002 2791; x_wconf 83' lang='lat' dir='ltr'>monasteriolis-Et</span> <span class='ocrx_word' id='word_1_117' title='bbox 1016 2726 1100 2790; x_wconf 86' lang='lat' dir='ltr'>eirea</span> <span class='ocrx_word' id='word_1_118' title='bbox 1122 2726 1239 2790; x_wconf 88' lang='lat' dir='ltr'>horum</span> <span class='ocrx_word' id='word_1_119' title='bbox 1258 2743 1326 2788; x_wconf 93' lang='lat' dir='ltr'>om·</span> 
     </span>
     <span class='ocr_line' id='line_1_19' title="bbox 289 2824 1325 2916; baseline -0.004 -26"><span class='ocrx_word' id='word_1_120' title='bbox 289 2826 382 2890; x_wconf 90' lang='lat' dir='ltr'>nium</span> <span class='ocrx_word' id='word_1_121' title='bbox 404 2827 663 2912; x_wconf 85' lang='lat' dir='ltr'>perquisitiones‚</span> <span class='ocrx_word' id='word_1_122' title='bbox 686 2847 751 2892; x_wconf 87' lang='lat' dir='ltr'>una</span> <span class='ocrx_word' id='word_1_123' title='bbox 778 2848 984 2893; x_wconf 85' lang='lat' dir='ltr'>cumeorum</span> <span class='ocrx_word' id='word_1_124' title='bbox 1010 2824 1325 2916; x_wconf 80' lang='lat' dir='ltr'>amortisationibus,</span> 
     </span>
     <span class='ocr_line' id='line_1_20' title="bbox 290 2927 1325 3014; baseline 0 -22"><span class='ocrx_word' id='word_1_125' title='bbox 290 2927 479 3014; x_wconf 82' lang='lat' dir='ltr'>expendisse</span> <span class='ocrx_word' id='word_1_126' title='bbox 509 2929 614 2994; x_wconf 89' lang='lat' dir='ltr'>fertur</span> <span class='ocrx_word' id='word_1_127' title='bbox 642 2929 729 2994; x_wconf 86' lang='lat' dir='ltr'>ultra</span> <span class='ocrx_word' id='word_1_128' title='bbox 763 2950 923 2993; x_wconf 84' lang='lat' dir='ltr'>summam</span> <span class='ocrx_word' id='word_1_129' title='bbox 956 2927 1045 2992; x_wconf 88' lang='lat' dir='ltr'>mille</span> <span class='ocrx_word' id='word_1_130' title='bbox 1072 2928 1325 3014; x_wconf 80' lang='lat' dir='ltr'>quingentarum</span> 
     </span>
     <span class='ocr_line' id='line_1_21' title="bbox 290 3029 455 3096; baseline 0.012 -2"><span class='ocrx_word' id='word_1_131' title='bbox 290 3029 455 3096; x_wconf 86' lang='lat' dir='ltr'>librarum.</span> 
     </span>
    </p>

    <p class='ocr_par' dir='ltr' id='par_1_7' title="bbox 290 3130 1336 3604">
     <span class='ocr_line' id='line_1_22' title="bbox 333 3130 1328 3217; baseline 0.002 -23"><span class='ocrx_word' id='word_1_132' title='bbox 333 3130 454 3209; x_wconf 77' lang='lat' dir='ltr'>⁶Item,</span> <span class='ocrx_word' id='word_1_133' title='bbox 477 3131 564 3197; x_wconf 91' lang='lat' dir='ltr'>idem</span> <span class='ocrx_word' id='word_1_134' title='bbox 586 3132 707 3209; x_wconf 88' lang='lat' dir='ltr'>Abbas,</span> <span class='ocrx_word' id='word_1_135' title='bbox 722 3131 789 3197; x_wconf 88' lang='lat' dir='ltr'>suis</span> <span class='ocrx_word' id='word_1_136' title='bbox 810 3134 846 3196; x_wconf 87' lang='lat' dir='ltr'>in</span> <span class='ocrx_word' id='word_1_137' title='bbox 868 3131 1077 3217; x_wconf 86' lang='lat' dir='ltr'>temporibus,</span> <span class='ocrx_word' id='word_1_138' title='bbox 1094 3131 1286 3217; x_wconf 88' lang='lat' dir='ltr'>impetravit</span> <span class='ocrx_word' id='word_1_139' title='bbox 1308 3153 1328 3196; x_wconf 84' lang='lat' dir='ltr'>a</span> 
     </span>
     <span class='ocr_line' id='line_1_23' title="bbox 291 3231 1327 3320; baseline 0.001 -24"><span class='ocrx_word' id='word_1_140' title='bbox 291 3231 433 3298; x_wconf 91' lang='lat' dir='ltr'>Domino</span> <span class='ocrx_word' id='word_1_141' title='bbox 467 3232 508 3298; x_wconf 92' lang='lat' dir='ltr'>de</span> <span class='ocrx_word' id='word_1_142' title='bbox 542 3233 642 3320; x_wconf 83' lang='lat' dir='ltr'>Gray,</span> <span class='ocrx_word' id='word_1_143' title='bbox 663 3233 806 3298; x_wconf 90' lang='lat' dir='ltr'>Domino</span> <span class='ocrx_word' id='word_1_144' title='bbox 839 3233 880 3298; x_wconf 87' lang='lat' dir='ltr'>de</span> <span class='ocrx_word' id='word_1_145' title='bbox 914 3233 1062 3318; x_wconf 85' lang='lat' dir='ltr'>Ruthyn,</span> <span class='ocrx_word' id='word_1_146' title='bbox 1092 3233 1327 3298; x_wconf 78' lang='lat' dir='ltr'>relaxationem</span> 
     </span>
     <span class='ocr_line' id='line_1_24' title="bbox 291 3333 1328 3421; baseline 0.001 -21"><span class='ocrx_word' id='word_1_147' title='bbox 291 3334 512 3401; x_wconf 79' lang='lat' dir='ltr'>advocationis</span> <span class='ocrx_word' id='word_1_148' title='bbox 551 3335 721 3401; x_wconf 88' lang='lat' dir='ltr'>Prioratus</span> <span class='ocrx_word' id='word_1_149' title='bbox 754 3335 794 3399; x_wconf 86' lang='lat' dir='ltr'>de</span> <span class='ocrx_word' id='word_1_150' title='bbox 831 3333 921 3400; x_wconf 84' lang='lat' dir='ltr'>Bello</span> <span class='ocrx_word' id='word_1_151' title='bbox 959 3335 1053 3412; x_wconf 85' lang='lat' dir='ltr'>Loco,</span> <span class='ocrx_word' id='word_1_152' title='bbox 1089 3333 1328 3421; x_wconf 69' lang='lat' dir='ltr'>8obtinuitque</span> 
     </span>
     <span class='ocr_line' id='line_1_25' title="bbox 290 3428 1329 3522; baseline 0.003 -22"><span class='ocrx_word' id='word_1_153' title='bbox 290 3428 423 3522; x_wconf 83' lang='lat' dir='ltr'>plenum</span> <span class='ocrx_word' id='word_1_154' title='bbox 452 3436 509 3521; x_wconf 88' lang='lat' dir='ltr'>jus</span> <span class='ocrx_word' id='word_1_155' title='bbox 539 3437 582 3501; x_wconf 87' lang='lat' dir='ltr'>ad</span> <span class='ocrx_word' id='word_1_156' title='bbox 613 3436 798 3504; x_wconf 80' lang='lat' dir='ltr'>faciendum</span> <span class='ocrx_word' id='word_1_157' title='bbox 831 3456 904 3500; x_wconf 86' lang='lat' dir='ltr'>oum</span> <span class='ocrx_word' id='word_1_158' title='bbox 938 3435 1007 3501; x_wconf 90' lang='lat' dir='ltr'>loeo</span> <span class='ocrx_word' id='word_1_159' title='bbox 1044 3435 1101 3500; x_wconf 89' lang='lat' dir='ltr'>illo</span> <span class='ocrx_word' id='word_1_160' title='bbox 1134 3435 1233 3520; x_wconf 84' lang='lat' dir='ltr'>juxta</span> <span class='ocrx_word' id='word_1_161' title='bbox 1262 3458 1329 3504; x_wconf 85' lang='lat' dir='ltr'>suae</span> 
     </span>
     <span class='ocr_line' id='line_1_26' title="bbox 290 3536 1336 3604; baseline 0.001 -1"><span class='ocrx_word' id='word_1_162' title='bbox 290 3537 462 3603; x_wconf 85' lang='lat' dir='ltr'>arbitrium</span> <span class='ocrx_word' id='word_1_163' title='bbox 484 3536 673 3604; x_wconf 87' lang='lat' dir='ltr'>voluntatis.</span> <span class='ocrx_word' id='word_1_164' title='bbox 1334 3599 1336 3604; x_wconf 90' lang='lat'><em>.</em></span> 
     </span>
    </p>

    <p class='ocr_par' dir='ltr' id='par_1_8' title="bbox 290 3638 1399 4234">
     <span class='ocr_line' id='line_1_27' title="bbox 334 3638 1327 3728; baseline 0.003 -25"><span class='ocrx_word' id='word_1_165' title='bbox 334 3638 427 3717; x_wconf 87' lang='lat' dir='ltr'>Item,</span> <span class='ocrx_word' id='word_1_166' title='bbox 444 3659 503 3727; x_wconf 91' lang='lat' dir='ltr'>pro</span> <span class='ocrx_word' id='word_1_167' title='bbox 524 3638 665 3706; x_wconf 84' lang='lat' dir='ltr'>⁷unione</span> <span class='ocrx_word' id='word_1_168' title='bbox 686 3639 749 3705; x_wconf 85' lang='lat' dir='ltr'>looi</span> <span class='ocrx_word' id='word_1_169' title='bbox 770 3640 867 3718; x_wconf 87' lang='lat' dir='ltr'>illius,</span> <span class='ocrx_word' id='word_1_170' title='bbox 882 3639 1057 3726; x_wconf 86' lang='lat' dir='ltr'>quamdam</span> <span class='ocrx_word' id='word_1_171' title='bbox 1073 3641 1220 3726; x_wconf 86' lang='lat' dir='ltr'>porrexit</span> <span class='ocrx_word' id='word_1_172' title='bbox 1242 3639 1327 3728; x_wconf 84' lang='lat' dir='ltr'>Sep·</span> 
     </span>
     <span class='ocr_line' id='line_1_28' title="bbox 290 3740 1399 3829; baseline 0.004 -25"><span class='ocrx_word' id='word_1_173' title='bbox 290 3740 499 3826; x_wconf 76' lang='lat' dir='ltr'>plicationem</span> <span class='ocrx_word' id='word_1_174' title='bbox 521 3741 657 3807; x_wconf 86' lang='lat' dir='ltr'>Summo</span> <span class='ocrx_word' id='word_1_175' title='bbox 680 3741 842 3821; x_wconf 83' lang='lat' dir='ltr'>Pontifici,</span> <span class='ocrx_word' id='word_1_176' title='bbox 857 3743 1026 3829; x_wconf 82' lang='lat' dir='ltr'>ipsamque</span> <span class='ocrx_word' id='word_1_177' title='bbox 1048 3748 1117 3807; x_wconf 88' lang='lat' dir='ltr'>tam</span> <span class='ocrx_word' id='word_1_178' title='bbox 1132 3763 1190 3828; x_wconf 92' lang='lat' dir='ltr'>per</span> <span class='ocrx_word' id='word_1_179' title='bbox 1205 3742 1328 3829; x_wconf 82' lang='lat' dir='ltr'>Papam</span> <span class='ocrx_word' id='word_1_180' title='bbox 1398 3759 1399 3764; x_wconf 74' lang='grc'>’</span> 
     </span>
     <span class='ocr_line' id='line_1_29' title="bbox 291 3841 1329 3929; baseline 0.002 -23"><span class='ocrx_word' id='word_1_181' title='bbox 291 3841 473 3908; x_wconf 80' lang='lat' dir='ltr'>Martinam</span> <span class='ocrx_word' id='word_1_182' title='bbox 497 3842 668 3924; x_wconf 84' lang='lat' dir='ltr'>Quartum,</span> <span class='ocrx_word' id='word_1_183' title='bbox 691 3864 790 3929; x_wconf 85' lang='lat' dir='ltr'>quam</span> <span class='ocrx_word' id='word_1_184' title='bbox 812 3843 912 3908; x_wconf 88' lang='lat' dir='ltr'>etiam</span> <span class='ocrx_word' id='word_1_185' title='bbox 934 3865 993 3929; x_wconf 86' lang='lat' dir='ltr'>per</span> <span class='ocrx_word' id='word_1_186' title='bbox 1014 3843 1199 3929; x_wconf 85' lang='lat' dir='ltr'>Eugenium</span> <span class='ocrx_word' id='word_1_187' title='bbox 1223 3842 1329 3923; x_wconf 80' lang='lat' dir='ltr'>Quar-</span> 
     </span>
     <span class='ocr_line' id='line_1_30' title="bbox 290 3943 1331 4030; baseline 0.002 -22"><span class='ocrx_word' id='word_1_188' title='bbox 290 3949 372 4024; x_wconf 92' lang='lat' dir='ltr'>tum,</span> <span class='ocrx_word' id='word_1_189' title='bbox 396 3943 560 4030; x_wconf 86' lang='lat' dir='ltr'>signatam</span> <span class='ocrx_word' id='word_1_190' title='bbox 585 3943 724 4022; x_wconf 83' lang='lat' dir='ltr'>habuit3</span> <span class='ocrx_word' id='word_1_191' title='bbox 753 3943 881 4008; x_wconf 81' lang='lat' dir='ltr'>Bullam</span> <span class='ocrx_word' id='word_1_192' title='bbox 911 3950 1023 4009; x_wconf 88' lang='lat' dir='ltr'>tamen</span> <span class='ocrx_word' id='word_1_193' title='bbox 1046 3965 1067 4007; x_wconf 89' lang='lat' dir='ltr'>a</span> <span class='ocrx_word' id='word_1_194' title='bbox 1090 3943 1234 4007; x_wconf 86' lang='lat' dir='ltr'>Bullaria</span> <span class='ocrx_word' id='word_1_195' title='bbox 1263 3964 1331 4010; x_wconf 92' lang='lat' dir='ltr'>non</span> 
     </span>
     <span class='ocr_line' id='line_1_31' title="bbox 291 4043 1328 4133; baseline 0.001 -23"><span class='ocrx_word' id='word_1_196' title='bbox 291 4046 423 4131; x_wconf 83' lang='lat' dir='ltr'>aooepit,</span> <span class='ocrx_word' id='word_1_197' title='bbox 438 4046 516 4133; x_wconf 88' lang='lat' dir='ltr'>quie</span> <span class='ocrx_word' id='word_1_198' title='bbox 539 4067 610 4111; x_wconf 84' lang='lat' dir='ltr'>earn</span> <span class='ocrx_word' id='word_1_199' title='bbox 633 4044 677 4110; x_wconf 85' lang='lat' dir='ltr'>ad</span> <span class='ocrx_word' id='word_1_200' title='bbox 698 4043 919 4132; x_wconf 79' lang='lat' dir='ltr'>accipiendam</span> <span class='ocrx_word' id='word_1_201' title='bbox 941 4045 1078 4125; x_wconf 88' lang='lat' dir='ltr'>nullum,</span> <span class='ocrx_word' id='word_1_202' title='bbox 1096 4043 1196 4130; x_wconf 80' lang='lat' dir='ltr'>juxte</span> <span class='ocrx_word' id='word_1_203' title='bbox 1212 4043 1328 4111; x_wconf 88' lang='lat' dir='ltr'>datum</span> 
     </span>
     <span class='ocr_line' id='line_1_32' title="bbox 291 4145 783 4234; baseline 0.004 -22"><span class='ocrx_word' id='word_1_204' title='bbox 291 4147 354 4212; x_wconf 89' lang='lat' dir='ltr'>sibi</span> <span class='ocrx_word' id='word_1_205' title='bbox 376 4145 585 4229; x_wconf 79' lang='lat' dir='ltr'>⁸oonsilium,</span> <span class='ocrx_word' id='word_1_206' title='bbox 607 4168 688 4234; x_wconf 88' lang='lat' dir='ltr'>opus</span> <span class='ocrx_word' id='word_1_207' title='bbox 710 4147 783 4214; x_wconf 85' lang='lat' dir='ltr'>fuit.</span> 
     </span>
    </p>
   </div>
   <div class='ocr_carea' id='block_1_3' title="bbox 291 4307 1331 4476">
    <p class='ocr_par' dir='ltr' id='par_1_9' title="bbox 291 4307 1331 4476">
     <span class='ocr_line' id='line_1_33' title="bbox 324 4307 1209 4397; baseline 0.001 -16"><span class='ocrx_word' id='word_1_208' title='bbox 324 4331 331 4364; x_wconf 93' lang='lat'><strong>¹</strong></span> <span class='ocrx_word' id='word_1_209' title='bbox 355 4331 631 4397; x_wconf 64' lang='lat' dir='ltr'>&amp;oflumuanmr&#39;asra</span> <span class='ocrx_word' id='word_1_210' title='bbox 647 4330 727 4382; x_wconf 78' lang='lat' dir='ltr'>dr&#39;ctcu</span> <span class='ocrx_word' id='word_1_211' title='bbox 743 4337 791 4381; x_wconf 74' lang='lat' dir='ltr'>ter·</span> <span class='ocrx_word' id='word_1_212' title='bbox 838 4307 1126 4395; x_wconf 69' lang='lat' dir='ltr'>Tutiam-Marginnl</span> <span class='ocrx_word' id='word_1_213' title='bbox 1137 4330 1209 4382; x_wconf 80' lang='lat' dir='ltr'>Note.</span> 
     </span>
     <span class='ocr_line' id='line_1_34' title="bbox 291 4407 1331 4476; baseline 0.001 -17"><span class='ocrx_word' id='word_1_214' title='bbox 291 4411 503 4476; x_wconf 69' lang='lat' dir='ltr'>raa-Margum</span> <span class='ocrx_word' id='word_1_215' title='bbox 514 4410 587 4462; x_wconf 78' lang='lat' dir='ltr'>Note.</span> <span class='ocrx_word' id='word_1_216' title='bbox 867 4407 1025 4460; x_wconf 75' lang='lat' dir='ltr'>‘Advocatio</span> <span class='ocrx_word' id='word_1_217' title='bbox 1051 4407 1182 4458; x_wconf 68' lang='grc' dir='ltr'>Ρήοναιιιε</span> <span class='ocrx_word' id='word_1_218' title='bbox 1209 4408 1239 4460; x_wconf 79' lang='lat' dir='ltr'>de</span> <span class='ocrx_word' id='word_1_219' title='bbox 1260 4407 1331 4460; x_wconf 77' lang='lat' dir='ltr'>Bello</span> 
     </span>
    </p>
   </div>
   <div class='ocr_carea' id='block_1_4' title="bbox 203 4487 1291 4555">
    <p class='ocr_par' dir='ltr' id='par_1_10' title="bbox 203 4487 1291 4555">
     <span class='ocr_line' id='line_1_35' title="bbox 203 4487 1291 4555; baseline 0.002 -17"><span class='ocrx_word' id='word_1_220' title='bbox 203 4527 209 4538; x_wconf 93' lang='lat'>.</span> <span class='ocrx_word' id='word_1_221' title='bbox 323 4489 335 4522; x_wconf 86' lang='lat'>²</span> <span class='ocrx_word' id='word_1_222' title='bbox 345 4487 463 4539; x_wconf 79' lang='lat' dir='ltr'>Pnrcelle</span> <span class='ocrx_word' id='word_1_223' title='bbox 474 4491 654 4555; x_wconf 52' lang='lat' dir='ltr'>mojorem,</span> <span class='ocrx_word' id='word_1_224' title='bbox 661 4495 685 4538; x_wconf 78' lang='lat' dir='ltr'>et</span> <span class='ocrx_word' id='word_1_225' title='bbox 695 4495 791 4538; x_wconf 73' lang='lat' dir='ltr'>catera</span> <span class='ocrx_word' id='word_1_226' title='bbox 834 4487 900 4538; x_wconf 77' lang='lat' dir='ltr'>loeo</span> <span class='ocrx_word' id='word_1_227' title='bbox 911 4487 1207 4554; x_wconf 62' lang='lat' dir='ltr'>inpetrata-Magium</span> <span class='ocrx_word' id='word_1_228' title='bbox 1217 4488 1291 4540; x_wconf 81' lang='lat' dir='ltr'>Note.</span> 
     </span>
    </p>
   </div>
   <div class='ocr_carea' id='block_1_5' title="bbox 290 4565 1140 4870">
    <p class='ocr_par' dir='ltr' id='par_1_11' title="bbox 290 4565 1140 4712">
     <span class='ocr_line' id='line_1_36' title="bbox 290 4565 1140 4634; baseline -0.002 -14"><span class='ocrx_word' id='word_1_229' title='bbox 290 4567 450 4634; x_wconf 69' lang='lat' dir='ltr'>-Marp&#39;nsl</span> <span class='ocrx_word' id='word_1_230' title='bbox 461 4568 535 4620; x_wconf 80' lang='lat' dir='ltr'>Note.</span> <span class='ocrx_word' id='word_1_231' title='bbox 868 4566 1075 4631; x_wconf 65' lang='grc' dir='ltr'>6ορίιύιιιίκμιιὶιι</span> <span class='ocrx_word' id='word_1_232' title='bbox 1085 4565 1140 4618; x_wconf 78' lang='lat' dir='ltr'>MS.</span> 
     </span>
     <span class='ocr_line' id='line_1_37' title="bbox 324 4643 1077 4712; baseline -0.003 -16"><span class='ocrx_word' id='word_1_233' title='bbox 324 4645 595 4712; x_wconf 65' lang='lat' dir='ltr'>&#39;Calantomoerffla</span> <span class='ocrx_word' id='word_1_234' title='bbox 615 4671 650 4686; x_wconf 93' lang='lat'><em>-</em></span> <span class='ocrx_word' id='word_1_235' title='bbox 666 4644 792 4712; x_wconf 67' lang='lat' dir='ltr'>Margum</span> <span class='ocrx_word' id='word_1_236' title='bbox 868 4643 973 4694; x_wconf 76' lang='lat' dir='ltr'>⁷asiore</span> <span class='ocrx_word' id='word_1_237' title='bbox 984 4646 1011 4694; x_wconf 90' lang='lat' dir='ltr'>in</span> <span class='ocrx_word' id='word_1_238' title='bbox 1021 4644 1077 4695; x_wconf 74' lang='grc' dir='ltr'>ΜΒ.</span> 
     </span>
    </p>

    <p class='ocr_par' dir='ltr' id='par_1_12' title="bbox 293 4721 1121 4870">
     <span class='ocr_line' id='line_1_38' title="bbox 293 4721 1121 4778; baseline -0.007 0"><span class='ocrx_word' id='word_1_239' title='bbox 293 4725 369 4778; x_wconf 80' lang='lat' dir='ltr'>Note.</span> <span class='ocrx_word' id='word_1_240' title='bbox 868 4721 1014 4772; x_wconf 54' lang='lat' dir='ltr'>moretm</span> <span class='ocrx_word' id='word_1_241' title='bbox 1025 4721 1121 4776; x_wconf 87' lang='lat' dir='ltr'>inMS.</span> 
     </span>
     <span class='ocr_line' id='line_1_39' title="bbox 323 4800 795 4870; baseline -0.002 -15"><span class='ocrx_word' id='word_1_242' title='bbox 323 4803 334 4836; x_wconf 87' lang='lat'><strong>⁴</strong></span> <span class='ocrx_word' id='word_1_243' title='bbox 347 4803 480 4865; x_wconf 75' lang='lat' dir='ltr'>Quartam</span> <span class='ocrx_word' id='word_1_244' title='bbox 499 4804 553 4855; x_wconf 66' lang='grc' dir='ltr'>ἅνω</span> <span class='ocrx_word' id='word_1_245' title='bbox 569 4804 712 4870; x_wconf 63' lang='lat' dir='ltr'>perpretata</span> <span class='ocrx_word' id='word_1_246' title='bbox 726 4800 795 4869; x_wconf 67' lang='lat' dir='ltr'>apud</span> 
     </span>
    </p>
   </div>
   <div class='ocr_carea' id='block_1_6' title="bbox 335 5085 405 5228">
    <p class='ocr_par' dir='ltr' id='par_1_13' title="bbox 335 5079 405 5228">
     <span class='ocr_line' id='line_1_40' title="bbox 335 5085 405 5228; baseline 0 0"><span class='ocrx_word' id='word_1_247' title='bbox 335 5085 405 5228; x_wconf 72' lang='lat'><em>7</em></span> 
     </span>
    </p>
   </div>
   <div class='ocr_carea' id='block_1_7' title="bbox 0 0 1792 5838">
    <p class='ocr_par' dir='ltr' id='par_1_14' title="bbox 0 0 1792 5838">
     <span class='ocr_line' id='line_1_41' title="bbox 0 0 1792 5838; baseline 0 0"><span class='ocrx_word' id='word_1_248' title='bbox 0 0 1792 5838; x_wconf 95' lang='lat' dir='ltr'> </span> 
     </span>
    </p>
   </div>
  </div>
 </body>
</html>
