3582 5838
511 913 682 967 resiniis
703 915 989 1012 wnnrmpnrnnn
1011 917 1190 971 securem.
1266 983 1268 988 ¹
1306 901 1369 975 171

368 1107 415 1172 Et
436 1104 501 1174 hiis
523 1107 630 1188 dictis,
648 1107 766 1174 eduxit
788 1107 883 1174 illum
905 1110 1092 1176 cumomni
1122 1105 1308 1176 reverentii
1330 1111 1455 1180 dein.
1468 1131 1540 1178 iios.

322 1209 379 1276 ille
399 1211 523 1298 exigua
549 1211 757 1292 domuncula,
781 1211 987 1299 adduxitque
1013 1213 1120 1300 primo
1141 1213 1184 1279 ad
1205 1214 1371 1295 feretrum,
1385 1203 1530 1322 fflffilh‘

324 1313 442 1380 deinde
463 1314 508 1380 ad
541 1335 636 1380 suem
669 1314 862 1396 1cameram,
885 1315 998 1402 ibique
1031 1337 1107 1382 eum
1137 1338 1269 1382 manere
1294 1317 1373 1383 fecit
1384 1287 1491 1404 {119ng
1518 1287 1533 1321 θ

324 1439 382 1504 per
404 1421 513 1483 totum
546 1417 641 1482 illum
672 1417 767 1483 diem.
814 1415 857 1482 In
887 1419 1033 1484 crastino
1066 1423 1178 1484 autem
1212 1404 1525 1524 mnemitpghffif

325 1541 398 1585 eum
420 1541 524 1607 usque
555 1518 750 1598 Londoniss,
773 1519 886 1606 ibique
908 1520 945 1584 in
968 1520 1096 1586 Palatio
1119 1520 1272 1609 Episcopi
1297 1479 1462 1589 hos-ilii.t

325 1623 445 1708 pilium
482 1622 548 1688 sibi
578 1644 706 1708 parans,
729 1643 860 1688 menete
892 1623 971 1689 fecit
1004 1645 1063 1711 per
1095 1627 1205 1690 totuin
1237 1625 1373 1691 Festum
1384 1646 1534 1699 misna.

326 1721 556 1790 sPentecostcs
577 1731 659 1790 tunc
680 1724 847 1805 instantis,
871 1725 1008 1808 assidue,
1033 1747 1091 1813 per
1120 1730 1227 1792 totam
1249 1715 1503 1832 sacramffffw

326 1826 417 1891 illim
439 1825 708 1906 *hebdomadam
725 1827 957 1908 omnimodum,
973 1849 1048 1893 cuin
1071 1829 1199 1894 duobus
1219 1829 1285 1894 illis
1301 1830 1374 1917 jam
1424 1797 1442 1832 n
1459 1797 1502 1834 ου’

325 1927 445 1995 ⁴dictis
476 1929 670 2012 Comitibus,
693 1930 888 2017 obsequium
911 1930 975 1995 sibi
1001 1930 1194 2018 impendens
1224 1953 1374 1999 reveren-

326 2032 383 2098 ties
413 2036 448 2097 et
481 2030 623 2097 honoris.
668 2033 714 2098 Et
746 2036 839 2120 patet
870 2032 907 2096 in
937 2032 1002 2099 hiis
1035 2033 1155 2120 paucis,
1179 2034 1276 2120 quale
1308 2033 1374 2100 suit

326 2134 460 2199 initium
482 2133 561 2200 belli
578 2135 649 2220 jein
672 2134 762 2216 dieti,
784 2135 938 2214 medium,
961 2157 1000 2202 ac
1022 2136 1124 2202 etiam
1147 2135 1243 2238 fiais,

326 2379 569 2448 “Dooncobibis
589 2381 857 2469 detestabibbqae
880 2379 1086 2468 dewoedotc'o
1105 2382 1279 2470 planiam,
1297 2391 1374 2472 post

557 2483 635 2552 belli
651 2483 729 2571 jem
750 2484 839 2551 dicti
862 2483 1142 2553 lamentationum.

370 2623 533 2712 ‘Interea
548 2627 629 2692 dum
651 2627 733 2692 Dux
755 2627 864 2694 dictus
879 2627 1095 2694 Eborccensis
1110 2629 1230 2707 stabat,
1244 2635 1286 2695 ut
1301 2631 1373 2718 jam
1386 2657 1543 2712 monh.

326 2727 456 2809 dioitur,
478 2729 646 2796 consolans
672 2729 805 2818 Regem,
829 2734 864 2797 et
897 2731 1095 2811 confortans,
1116 2732 1282 2799 vacabant
1303 2735 1374 2800 vic-
1385 2735 1533 2845 ffioffiffi

325 2837 419 2914 tores,
441 2833 541 2898 avide
562 2853 726 2919 avareque
747 2833 856 2912 nimis,
880 2832 1149 2919 praedationibus,
1169 2835 1373 2921 spoliationi-
1385 2811 1525 2922 cencii,

326 2935 394 3014 bus,
419 2941 453 3001 et
486 2935 619 3022 rapinis,
642 2935 825 3002 nescientes
855 2936 960 3022 megis
994 2935 1082 3000 infre
1113 2958 1251 3023 regnum
1284 2938 1373 3004 inter
1384 2927 1543 3046 fflffilgf

325 3038 499 3125 proximos,
514 3059 614 3125 quem
637 3037 680 3102 ad
702 3043 798 3103 extre
820 3038 908 3124 apud
930 3037 1049 3116 hostes,
1073 3039 1240 3105 continere
1254 3062 1373 3108 manus
1385 3060 1498 3112 Albm’e
1535 3029 1543 3044 ’

325 3161 407 3206 sues
452 3139 558 3206 Erant
581 3162 702 3219 omnes,
725 3146 764 3206 ut
786 3140 824 3205 in
845 3139 963 3225 majori
985 3145 1088 3227 perte,
1111 3140 1153 3206 de
1174 3140 1372 3228 Aquiloneri

324 3242 421 3330 plage
441 3243 544 3331 regni,
566 3248 601 3309 et
626 3243 668 3309 de
699 3243 809 3330 patria
843 3241 979 3324 Boreae;
1002 3247 1037 3308 et
1069 3241 1374 3331 ⁷p10ptcrea‚1icei

323 3345 474 3411 fortiores
504 3347 540 3411 in
562 3346 670 3429 armis,
693 3346 973 3432 promptioresque
1002 3345 1046 3412 ad
1075 3345 1171 3428 belle,
1202 3369 1241 3414 ec
1270 3348 1372 3416 etiarn

323 3449 360 3513 in
380 3447 552 3536 sanguinis
574 3449 741 3529 effusione,
759 3449 860 3536 juxta
880 3447 964 3512 illud
986 3446 1169 3527 metrici,—

367 3571 386 3598 “
407 3560 548 3630 ⁸Omnis
569 3563 606 3628 in
627 3561 780 3630 ⁹Arctcis
802 3562 934 3650 sanguis
956 3563 1143 3649 quicunque
1164 3565 1292 3652 pruinis

369 3671 386 3700 “
408 3664 575 3744 Nascitur,
597 3664 779 3731 indomitus
801 3665 905 3746 bellis,
928 3665 1109 3752 morbisque
1132 3673 1270 3746 ametor,

325 3778 408 3866 (---ιο
418 3780 532 3868 supple
554 3787 573 3816 “
582 3785 632 3846 est
641 3779 751 3867 '')‚-¹¹
764 3779 989 3860 nibilominus,
1005 3780 1084 3866 quis
1105 3780 1218 3867 populi
1232 3782 1283 3847 illi
1297 3784 1372 3870 plus

323 3887 402 3948 sunt
422 3883 588 3970 penuriosi
603 3905 703 3970 quum
718 3882 895 3970 pecuniosi,
917 3882 1075 3970 majorem
1098 3882 1258 3950 habentes
1282 3882 1372 3952 ¹²eb-

323 3986 517 4051 undantiam
532 3984 625 4051 crobi
640 3990 675 4051 et
690 3983 849 4062 ”hordei
865 3985 1005 4072 siliginis
1028 3990 1064 4050 et
1085 3985 1255 4067 frumenti,
1271 4009 1371 4073 quam

357 4209 434 4260 ¹110:
448 4209 731 4274 septima-Mirm
747 4208 823 4270 Note,
903 4207 1042 4259 'Boreclce
1052 4209 1373 4277 congesserit-Margiml

322 4293 356 4355 by
367 4289 436 4339 Lord
447 4287 560 4341 william
571 4288 691 4340 Howsrd.
870 4289 945 4351 Note,
955 4289 991 4354 by
1001 4289 1071 4338 Iicrd
1082 4285 1193 4339 william
1204 4288 1323 4341 Horrurd.

355 4367 650 4418 wesmannus
904 4362 1298 4430 ⁸Queryestothisquctation.

354 4445 568 4497 nicomadum
580 4447 636 4498 iis.
903 4441 1078 4492 ⁹Arciloisin
1090 4443 1146 4496 MS.

356 4527 432 4578 ⁴Tlie
460 4527 536 4576 Esils
562 4525 593 4576 of
617 4525 746 4578 Wsrwicli
774 4527 825 4576 and
903 4521 924 4554 ¹⁰
934 4521 1108 4587 capiemus

322 4606 459 4672 Salisbmy.
904 4600 922 4633 ¹¹
934 4599 1205 4655 columnensis.

353 4687 364 4719 ⁸
375 4683 550 4752 Dcmpmbr'lic
562 4685 589 4735 in
600 4685 659 4736 iis.
904 4679 924 4712 ¹²
935 4677 1125 4731 habundantiam
1136 4681 1163 4732 in
1173 4682 1230 4735 MS.

352 4765 429 4815 ‘The
446 4765 502 4814 first
518 4763 591 4814 letter
608 4762 730 4823 omitted3
747 4771 774 4814 to
791 4764 823 4812 be
905 4757 1037 4809 llcrdeiin
1049 4759 1105 4812 MS.

320 4845 434 4912 supplied
444 4844 472 4895 in
481 4841 658 4894 illumination.
