3588 5838
434 897 499 960 114
767 905 967 956 numerurm
988 903 1148 954 senonim

265 1119 332 1172 sp,
347 1124 418 1172 145³,
434 1105 453 1130 “
474 1095 581 1174 effers,
604 1093 640 1160 in
660 1093 797 1162 talentis
821 1097 890 1162 tuse
911 1091 1208 1160 administrationis
1237 1090 1404 1158 inutiliter
1423 1109 1483 1155 ne-

434 1205 452 1234 “
474 1195 602 1285 gotisri.
647 1196 757 1262 Vudes
794 1195 905 1283 igitur,
943 1201 978 1262 et
1014 1195 1123 1262 edhuo
1159 1193 1319 1261 deliberes
1356 1191 1482 1270 melius,

434 1309 452 1336 “
473 1301 561 1386 quie,
599 1304 638 1366 ut
668 1298 751 1365 eliae
780 1297 845 1365 tibi
878 1298 1031 1377 diximus,
1069 1319 1137 1363 non
1170 1297 1277 1385 pleeet
1313 1295 1408 1362 nobis
1445 1293 1482 1359 in

434 1411 452 1438 “
474 1403 586 1490 aliquo
602 1406 677 1484 ‚tuae
707 1401 913 1480 subtilitatis,
940 1402 1010 1468 sive
1039 1401 1158 1478 verius,
1186 1397 1374 1467 sterilitatis
1397 1417 1484 1466 eom-

435 1513 453 1539 “
474 1503 688 1592 putationis.”

266 1631 422 1684 Tneoffiein
480 1607 674 1694 Intelligere
695 1606 797 1672 freter
818 1606 936 1685 dietus,
959 1627 1017 1694 per
1046 1605 1146 1672 verba
1175 1604 1249 1685 iste,
1272 1625 1333 1672 nee
1353 1603 1403 1670 fos
1425 1623 1485 1668 neo

266 1699 403 1816 fflffi,
435 1709 551 1776 1nefas
581 1708 724 1776 multum
756 1729 850 1796 posse
880 1707 945 1776 sibi
978 1707 1130 1796 prodesse
1159 1729 1219 1794 pro
1246 1703 1486 1794 justifiuetione

267 1833 380 1890 heum
434 1834 502 1891 sus,
525 1811 679 1900 perrexit,
702 1812 797 1898 quasi
830 1810 883 1876 vir
915 1811 1106 1898 desperatus
1136 1809 1178 1876 de
1200 1807 1413 1896 subterfugio,
1443 1806 1485 1873 ad

266 1899 353 1950 Μ
435 1936 528 1982 suem
562 1935 732 1992 cernerem,
766 1913 994 2001 accipiensque
1031 1913 1217 1980 osutionem
1253 1913 1291 1978 in
1324 1910 1486 1987 menibus,

267 1965 423 2096 mons,
435 2018 578 2085 correxit
614 2016 728 2084 taliter
764 2037 899 2082 suorum
936 2021 1103 2104 oompotos
1139 2013 1331 2093 rotulorum,
1369 2019 1409 2080 ut
1446 2013 1487 2078 de

267 2099 374 2216 ffli
436 2119 583 2208 pssumis
616 2118 835 2186 sauros-ibus
868 2118 989 2186 uetitis
1011 2119 1189 2187 defuere
1221 2138 1307 2206 pene
1328 2117 1488 2184 ducentos

267 2240 382 2285 secerne
435 2223 545 2302 libres,
568 2223 609 2289 de
631 2221 743 2312 granis
764 2243 843 2288 vero
872 2222 910 2288 in
931 2221 1085 2310 grenario
1114 2221 1293 2310 adaugeret
1313 2241 1486 2288 numerum

435 2325 526 2393 ultre
548 2346 711 2392 summam
738 2324 953 2392 ducentorum
983 2325 1247 2412 quarteriorum
1277 2323 1401 2410 ubique
1429 2345 1489 2411 per

435 2429 527 2516 prius
548 2451 616 2494 non
638 2426 782 2494 seuiebat
804 2428 1007 2494 mentionem
1021 2428 1124 2494 ullam
1147 2427 1189 2494 de
1203 2427 1351 2515 pecuniis
1365 2425 1489 2493 habitis

435 2531 472 2596 in
493 2529 600 2608 bures,
623 2529 754 2617 scripsit
775 2531 938 2617 posterius
958 2530 1082 2608 melius,
1097 2534 1133 2610 et
1148 2529 1487 2597 oommemorationem

436 2633 514 2700 feeit
537 2632 579 2698 de
601 2637 733 2700 eentum
755 2631 849 2698 libris
871 2636 907 2700 et
928 2633 1110 2721 sexaginte

270 2754 383 2807 neuen
482 2735 625 2802 Rediens
646 2735 753 2822 igitur
774 2756 887 2802 rursus
908 2736 954 2802 sd
974 2735 1151 2815 Abbstem,
1168 2741 1202 2802 et
1224 2757 1300 2804 suos
1313 2740 1489 2823 compotes,

269 2823 417 2940 ffiff*
439 2837 486 2904 sio
508 2841 677 2916 correctos,
700 2859 809 2904 seeum
831 2837 980 2917 afferens,
1002 2838 1165 2906 inferebat
1179 2838 1219 2917 ei,
1242 2841 1292 2906 its
1313 2837 1490 2904 diesne:—

269 2955 388 3007 missiors
399 2963 426 3007 to
439 2949 457 2976 “
478 2940 779 3008 Domine—Eoos!
801 2941 855 3008 hio
869 2945 920 3008 est
934 2941 1032 3008 modo
1046 2963 1125 3008 mne
1138 2941 1198 3008 ille
1213 2964 1312 3028 quem
1334 2941 1410 3008 ideo
1431 2963 1490 3028 per

270 3023 416 3075 mm
439 3052 457 3080 “
478 3043 761 3130 aliquantillulum
782 3043 940 3131 temporis
961 3043 1139 3131 repositum
1161 3045 1198 3110 in
1231 3043 1363 3110 sudsrio
1377 3043 1489 3122 habui,

439 3155 457 3182 “
479 3147 559 3232 quie
580 3146 680 3212 timui
702 3145 791 3232 quod
813 3147 911 3214 homo
933 3144 1110 3214 ²austerus
1131 3146 1242 3226 fueris,
1260 3147 1380 3213 tollens
1402 3145 1491 3234 quod

440 3258 457 3285 “
478 3270 547 3314 non
579 3248 727 3335 posuisti,
752 3254 787 3315 et
817 3257 944 3317 metens
966 3250 1055 3337 quod
1079 3271 1148 3316 non
1169 3249 1348 3318 seminasti
1391 3248 1491 3315 Modo

440 3359 457 3385 “
479 3354 592 3416 tumen
623 3372 696 3416 eam
730 3351 871 3430 extraxi,
905 3357 940 3419 et
968 3352 1107 3440 apposui
1137 3352 1182 3417 ed
1210 3373 1358 3419 mensem
1387 3356 1491 3434 tunm,

440 3463 458 3490 “
480 3475 555 3519 oum
577 3453 714 3540 eliqueli
736 3455 835 3523 luero.
881 3455 999 3524 Parout
1029 3456 1135 3545 igitur
1157 3453 1265 3522 ³mihi
1287 3462 1348 3526 tuo
1379 3463 1491 3542 pater-

441 3565 458 3592 “
480 3556 578 3634 nites,
601 3561 635 3622 et
668 3579 711 3623 ne
732 3579 786 3623 me
817 3555 976 3643 ‘abjicies
1011 3583 1033 3626 s
1065 3559 1239 3627 devorabili
1261 3559 1394 3647 penitus
1416 3579 1491 3625 eon·

442 3666 459 3692 “
481 3661 578 3746 oeptu
599 3658 688 3726 tuo.''
733 3659 787 3739 Et,
802 3659 867 3726 hiis
885 3661 991 3742 dietis,
1006 3660 1199 3730 “obtulitei
1221 3683 1298 3729 suos
1312 3665 1490 3751 compotes,

441 3760 502 3827 sub
526 3761 725 3828 correctione
748 3785 822 3850 quae
845 3763 981 3851 ponitur
1001 3766 1039 3831 in
1060 3765 1246 3854 praemissis.

272 3887 429 3950 monebor,
485 3864 609 3944 Abbus,
624 3870 791 3953 compotes
805 3865 878 3932 illos
892 3868 1071 3957 perlegens,
1085 3874 1120 3935 et
1135 3890 1198 3950 eos,
1219 3868 1300 3955 quid
1314 3868 1352 3934 in
1370 3868 1490 3956 granis,

274 3957 371 4021 ΜΨ
384 3963 429 4006 ¹²⁰⁸
442 3966 523 4053 quid
545 3989 624 4034 vero
646 3968 684 4033 in
704 3969 862 4055 pecuniis,
877 3969 968 4036 ultra
988 3993 1150 4038 summam
1172 3971 1492 4058 quadringentarum
1559 4043 1562 4050 ,

272 4023 412 4150 diffidet
441 4069 602 4136 librarum
639 4069 828 4138 melioratos
864 4073 1054 4162 percipiens,
1083 4074 1195 4141 stabat
1226 4075 1265 4139 in
1297 4080 1400 4162 perte,
1435 4075 1493 4140 sed

273 4221 312 4272 his
347 4222 381 4236 ..
418 4194 650 4263 ‚nequaquem
683 4173 720 4238 in
750 4180 833 4257 toto,
854 4181 1031 4243 eontentus
1064 4175 1106 4244 de
1135 4177 1381 4254 melioratione3
1415 4178 1493 4264 quis

274 4297 370 4368 nestro
443 4296 569 4363 semper
606 4275 834 4363 suspioebstur
869 4279 958 4365 quod
995 4279 1084 4346 fraus
1120 4279 1231 4368 potius
1268 4301 1368 4368 quem
1402 4279 1493 4360 fides,

270 4363 392 4474 {ffl‘
442 4383 577 4466 propter
598 4400 710 4445 musas
739 4379 777 4446 in
798 4381 976 4468 praemissis
998 4383 1131 4470 positus,
1153 4383 1361 4450 conciliatrix
1384 4382 1493 4451 fuerat

273 4489 351 4540 otlioe.

475 4673 692 4741 1ιιερΙιαείιιΜΒ.
1026 4677 1226 4732 ἠιίσΙιίἱιιΜΒ.

475 4753 529 4806 ²In
556 4753 664 4808 edesion
686 4763 713 4808 to
735 4753 857 4808 Mattheus
879 4771 941 4812 xxv.
1026 4757 1247 4813 ‘uiuamus

442 4839 483 4885 24.
1025 4837 1239 4904 ‘spidistaim
