3668 5842
493 887 557 950 244
825 901 1022 950 usorsrnou
1044 899 1200 949 snnsrrn

324 1079 394 1134 M)-
407 1087 478 1132 ¹⁴⁵⁶·
492 1091 510 1120 “
534 1085 621 1151 chia:
643 1091 678 1152 et
693 1087 817 1153 1dictos
832 1089 988 1174 porcellos
1003 1094 1108 1176 terrae,
1125 1086 1274 1155 ²v0eetes
1289 1087 1391 1172 ‘Elys
1404 1084 1536 1164 Londe'

492 1195 508 1222 “
530 1187 616 1252 idem
632 1189 746 1254 Abbas
765 1195 799 1255 εὴ
823 1191 1016 1258 Monasterii
1039 1191 1188 1278 pmdieti
1203 1190 1396 1257 Conventus
1420 1190 1460 1255 de
1482 1210 1535 1253 me

490 1294 508 1323 “
531 1295 676 1368 teneant,
708 1313 765 1377 per
790 1291 985 1358 fidelitatem
1007 1297 1043 1358 et
1065 1293 1236 1359 servitium
1267 1314 1325 1358 sex
1358 1292 1535 1357 solidorum

490 1397 508 1426 “
528 1385 564 1457 ¹et
579 1397 702 1478 septem
719 1393 947 1475 denariorom3
968 1399 1003 1461 et
1016 1392 1162 1460 ⁸clietsm
1180 1393 1354 1482 porcellum
1376 1394 1465 1482 preti
1483 1394 1534 1480 jc-

489 1499 509 1530 “
531 1501 658 1560 centem
680 1495 717 1560 in
739 1495 943 1563 Brittewelle
966 1495 1059 1564 More
1079 1497 1246 1584 praedicte,
1260 1517 1320 1583 per
1341 1495 1536 1561 fidelitstem

491 1601 509 1631 “
532 1603 566 1661 et
580 1597 751 1663 servitium
775 1598 916 1664 duorum
932 1598 1150 1676 denariorum,
1173 1598 1280 1663 ⁴mihi
1295 1604 1330 1663 et
1353 1597 1538 1664 haeredibus

489 1704 507 1734 “
528 1701 610 1764 meis
638 1701 810 1766 annuatim
839 1700 1313 1766 solvendorum-Noveritis
1336 1721 1396 1779 me,
1421 1699 1536 1786 prsefe·

490 1805 601 1866 “tum
633 1801 853 1888 Redulphum,
884 1807 1010 1868 statum
1040 1809 1076 1869 et
1106 1803 1339 1890 possessionem
1371 1803 1535 1869 dictorum

488 1909 507 1937 “
529 1903 672 1969 Abbetis
686 1909 721 1970 et
754 1903 946 1970 Conventus
969 1905 1010 1972 de
1033 1910 1067 1970 et
1089 1905 1126 1969 in
1149 1904 1247 1971 dictis
1280 1905 1377 1970 terris
1410 1903 1537 1970 vocetis

489 2011 506 2038 “
530 2005 630 2091 ‘Elys
647 2005 778 2085 Londe,'
793 2029 830 2072 oc
853 2007 895 2073 de
916 2013 952 2073 et
974 2007 1011 2072 in
1033 2007 1124 2072 dicto
1137 2005 1277 2092 porcella
1294 2007 1381 2092 preti
1391 2005 1536 2092 jacentis
1564 2005 1568 2012 ’
1650 2035 1655 2043 ·

488 2113 505 2141 “
528 2107 564 2170 in
579 2107 783 2174 Brittewelle
798 2108 890 2176 More
906 2109 1071 2196 predicte,
1084 2131 1123 2174 eo
1138 2109 1178 2174 de
1193 2113 1228 2174 et
1243 2109 1280 2173 in
1295 2108 1384 2174 dicte
1400 2113 1535 2197 pentum

486 2215 505 2246 “
526 2207 652 2274 incluse
680 2211 812 2296 jacente
845 2212 881 2276 in
904 2211 997 2298 Bury
1022 2211 1113 2277 More
1146 2209 1313 2298 praediote,
1347 2210 1534 2276 habendum

486 2311 646 2376 “eisdem
670 2310 852 2399 ⁶[Abboti]
877 2318 911 2379 et
935 2312 1131 2391 Conventui,
1155 2317 1323 2378 eteorum
1347 2312 1534 2378 successori-

485 2419 503 2447 “
526 2412 588 2477 bus
603 2411 661 2478 6in
677 2422 882 2502 perpetuum,
906 2415 1109 2502 approbasse,
1123 2415 1309 2494 notificasse,
1324 2421 1360 2480 et
1378 2436 1437 2502 per
1450 2436 1533 2502 prae-

486 2521 504 2548 “
526 2521 635 2582 sentes
649 2519 855 2584 confirmasse
871 2539 909 2583 sc
919 2519 1087 2596 remisisse,
1105 2522 1139 2582 et
1153 2519 1334 2597 relaxasse;
1350 2539 1389 2582 so
1400 2518 1533 2583 omnino

486 2623 586 2705 “pro
610 2640 662 2684 me
685 2625 719 2685 εὴ
743 2619 928 2686 haeredibus
953 2621 1035 2686 meis
1057 2619 1119 2684 ⁶in
1147 2627 1342 2708 perpetuum
1369 2620 1533 2706 quietum-

486 2729 504 2757 “
526 2721 680 2787 clamasse
711 2722 858 2808 praefetis
892 2722 1018 2788 Abbati
1049 2726 1084 2787 et
1117 2721 1315 2802 Conventui,
1349 2731 1385 2787 et
1421 2743 1533 2788 eorum

486 2831 503 2858 “
526 2823 770 2905 suocessonbus,
796 2821 857 2888 ⁶in
890 2828 1095 2911 perpetuum,
1119 2828 1228 2889 totum
1245 2823 1302 2909 jus
1324 2843 1444 2900 meum,
1467 2821 1532 2887 ole-

484 2931 504 2963 “
527 2947 644 3002 meum,
668 2927 812 3006 titulum,
837 2926 1045 3005 demandam,
1069 2932 1104 2992 et
1132 2925 1298 3006 interesse,
1320 2945 1395 3010 quae
1421 2924 1533 3002 habeo,

485 3034 504 3063 “
525 3049 582 3093 seu
605 3029 832 3116 aliquomodo
855 3029 975 3094 hebere
998 3033 1123 3115 potero,
1139 3026 1180 3093 de
1205 3033 1241 3092 et
1261 3027 1297 3091 in
1313 3026 1411 3092 dictis
1432 3027 1531 3092 terris

485 3137 503 3164 “
525 3131 651 3197 vocetis
675 3130 776 3218 ‘Elys
798 3130 930 3212 Londe,’
954 3138 988 3196 et
1010 3131 1050 3196 de
1068 3131 1154 3196 etin
1169 3130 1258 3196 diets
1280 3129 1421 3217 porcello
1443 3128 1531 3217 preti

485 3236 502 3265 ‘⁴
520 3232 662 3319 jacentis
691 3233 728 3297 in
751 3231 980 3331 'Britteuelle
1003 3232 1097 3297 More
1126 3231 1291 3318 praedicte,
1314 3251 1352 3297 ac
1375 3231 1416 3296 de
1438 3241 1474 3296 et
1495 3232 1533 3296 in

485 3338 502 3367 “
525 3333 613 3398 dicto
634 3338 769 3421 pastura
790 3334 917 3400 incluse
933 3333 1065 3420 jacente
1086 3334 1123 3398 in
1137 3333 1230 3419 Bury
1247 3333 1339 3399 Mors
1361 3333 1534 3421 praediots3

484 3440 502 3469 “
525 3435 575 3500 ite
597 3436 685 3521 quod
708 3457 777 3523 ego,
802 3437 910 3502 dietus
939 3436 1142 3523 Rodulphus,
1166 3440 1201 3502 et
1222 3435 1368 3502 haeredes
1394 3436 1467 3514 mei,
1489 3435 1532 3500 sd

484 3542 501 3570 “
524 3536 656 3623 aliquod
674 3537 730 3623 jus
745 3537 815 3604 sive
830 3538 991 3605 clameum
1006 3539 1083 3604 inde
1098 3535 1156 3603 ⁸in
1170 3544 1339 3625 posterum
1354 3538 1532 3626 petendum

484 3643 503 3675 “
525 3638 628 3704 simus
649 3640 773 3706 exclusi
796 3638 856 3705 ⁶in
871 3646 1065 3728 perpetuum
1087 3661 1146 3727 per
1167 3645 1352 3727 proesentes
1397 3639 1533 3706 Proviso

484 3748 502 3776 “
525 3763 659 3829 semper,
680 3743 767 3828 quod
789 3743 817 3808 si
841 3764 945 3808 unum
971 3743 1183 3830 mesuagium,
1205 3744 1277 3809 sive
1297 3747 1533 3822 tenementum,

484 3848 503 3878 “
525 3865 599 3910 cum
624 3845 702 3912 koio
725 3845 902 3941 adjacente,
926 3845 1026 3912 simul
1048 3867 1122 3911 cum
1145 3845 1298 3911 omnibus
1320 3844 1534 3912 commodita-

484 3954 502 3982 “
525 3947 624 4026 tibus,
647 3948 858 4027 aisiamentis,
872 3955 907 4014 et
922 3947 1048 4014 caetsris
1070 3947 1138 4014 suis
1160 3947 1370 4036 pertinentiis
1392 3969 1431 4012 ec
1447 3946 1533 4034 juri·

483 4055 502 4084 “
523 4050 586 4115 bus
609 4050 867 4138 quibuscunque,
891 4051 1057 4138 praedietis
1087 4050 1253 4138 mesuagio
1286 4056 1322 4116 et
1352 4049 1430 4116 ksio
1453 4069 1534 4136 qus·

484 4157 504 4187 “
526 4151 733 4240 litercunque
763 4152 996 4240 spectantibus,
1011 4153 1174 4218 situatum
1196 4155 1232 4217 in
1262 4151 1393 4218 venelia
1414 4157 1534 4218 vocsts

484 4261 503 4317 .“
525 4252 845 4342 ‘Wyndegoselene'
860 4255 895 4320 in
918 4253 1079 4322 Peroehis
1094 4254 1250 4320 Omnium
1270 4254 1467 4321 Sanctorum
1488 4253 1533 4319 sd

347 4423 350 4434 ,
482 4361 502 4392 “
525 4355 660 4436 Renum,
692 4357 945 4436 Londoniorum
968 4378 1042 4444 quse
1072 4357 1223 4445 praedicti
1244 4355 1359 4423 Abbas
1389 4361 1424 4423 et
1445 4355 1533 4423 Gon·

692 4517 898 4524 -n---
930 4519 935 4524 .
974 4517 1219 4524 .-........-—-—-
1378 4515 1532 4524 —--.—-—--

379 4623 384 4638 κ
516 4597 606 4649 ldictoe
614 4597 834 4664 percellemus.
1061 4600 1299 4654 ‘omitteuinffl

515 4677 667 4728 ’mortain
678 4678 735 4731 ΜΒ.
1062 4679 1360 4747 ‘impapcwminnffi

515 4755 741 4824 ⁸da'etoporccllu.
755 4795 779 4809 ..
790 4759 985 4825 jaceamus.
1062 4759 1322 4812 ⁷BittcwcllsinMS.

515 4836 609 4888 ⁴uuicti
619 4839 646 4888 iu
657 4839 713 4890 MS.
1063 4839 1238 4906 'imposterum
1249 4839 1275 4890 in
1286 4840 1344 4892 MS.
