3582 5838
452 886 517 961 170
783 905 982 960 unsarana
1004 906 1164 960 annana

280 1099 468 1166 an.14⁵5.“
489 1119 553 1184 que
574 1097 678 1165 hostis
700 1098 830 1186 impius,
852 1103 987 1186 propter
1013 1119 1105 1165 suam
1136 1097 1354 1187 impietatem,
1384 1121 1498 1188 passus

447 1207 467 1238 ‘⁶
488 1207 539 1268 est
560 1202 691 1267 ruinam
712 1221 878 1289 magnam.
921 1203 1098 1268 Laetamini
1116 1201 1227 1281 otiam,
1242 1202 1321 1290 quia
1342 1203 1497 1290 projectio

447 1309 465 1340 “
487 1303 577 1370 illius
615 1304 784 1391 suspensio
828 1309 879 1371 est
916 1305 1053 1370 ulterius
1095 1301 1231 1370 ¹Aman
1269 1305 1308 1370 in
1345 1305 1496 1396 opinione

449 1415 467 1443 “
487 1406 599 1494 plebis.
645 1407 864 1494 congaudent
886 1407 950 1494 ipsi
973 1428 1086 1473 omnes
1108 1407 1149 1474 de
1164 1407 1364 1495 projectione
1385 1407 1496 1496 ipsius,

450 1517 466 1546 “
487 1533 554 1576 non
587 1510 685 1576 aliter
717 1531 818 1597 quam
851 1509 977 1576 dudum
1010 1509 1118 1597 gavisi
1151 1510 1282 1576 firmant
1313 1509 1427 1577 ludaei
1459 1511 1499 1577 de

449 1613 698 1700 “suspensione
715 1613 786 1699 jam
808 1611 890 1678 dicti
912 1612 1051 1677 maximi
1073 1613 1198 1678 inimici
1221 1611 1280 1678 sui
1322 1612 1498 1678 Laetamini

449 1724 467 1752 “
489 1715 637 1796 ulterius,
660 1715 739 1802 quia
760 1715 849 1781 illius
871 1715 1030 1802 projectio
1054 1715 1283 1801 tranquillatio
1309 1715 1373 1780 erit
1394 1715 1498 1802 plebis

449 1819 663 1906 “utrobique
685 1819 721 1883 in
752 1823 826 1884 toto
857 1823 967 1885 vestro
988 1839 1099 1905 regno.
1145 1817 1187 1884 In
1218 1822 1351 1884 tuntum
1373 1820 1496 1884 etenim

450 1929 467 1956 “
489 1922 598 1988 fueret
634 1927 705 1987 tam
737 1921 848 2010 pneris
885 1926 920 1988 et
952 1921 1144 2008 juvenibus,
1177 1941 1276 2006 quam
1313 1919 1432 2008 puellis
1463 1926 1498 1987 et

448 2031 466 2062 ‘⁴
487 2024 688 2106 mulieribus,
705 2045 743 2090 ac
757 2024 859 2091 etiam
874 2023 1026 2090 omnibus
1042 2023 1124 2106 aliis,
1140 2023 1362 2110 cujuscunque
1377 2021 1495 2090 ‘sexus

449 2134 467 2164 “
488 2125 628 2206 fuerant,
650 2132 711 2192 aut
743 2126 864 2208 aetatis,
887 2125 1026 2205 odiosus,
1057 2130 1098 2191 ut
1130 2126 1210 2191 dum
1242 2129 1400 2212 pergeret,
1429 2127 1498 2192 sive

448 2239 466 2268 “
489 2228 664 2315 equitaret,
674 2250 733 2316 per
746 2229 866 2316 plateae
880 2229 1028 2295 medium
1043 2227 1079 2294 in
1089 2227 1226 2296 civitate
1242 2227 1505 2309 Londoniarum,¹

449 2337 468 2368 “
489 2329 566 2397 8νεΙ
587 2330 676 2410 alibi,
698 2331 954 2419 imprecarentur
976 2331 1007 2397 ei
1038 2331 1102 2418 ipsi
1135 2352 1258 2412 omnes,
1281 2334 1315 2396 et
1345 2331 1498 2411 dicerent,

450 2441 468 2470 “
490 2433 724 2514 maledicendo,
742 2435 843 2522 juxta
875 2434 1142 2522 imprecationem
1173 2432 1327 2512 ‘Psalmi
1350 2433 1412 2500 sub
1433 2434 1497 2500 isto

449 2544 468 2572 “
490 2536 587 2602 modo
599 2546 665 2602 ,:-‘
675 2537 777 2604 Fiant
791 2537 861 2604 dies
878 2537 949 2624 ejus
965 2537 1069 2624 pauci,
1084 2535 1171 2601 fiant
1184 2535 1246 2602 filii
1266 2537 1336 2621 ejus
1351 2536 1498 2624 orphani,

450 2647 468 2675 “
490 2639 574 2706 ‘fiat
596 2661 681 2706 uxor
702 2640 773 2727 ejus
796 2639 906 2719 vidua,
922 2644 958 2705 et
978 2661 1047 2705 non
1069 2643 1269 2705 memoretur
1282 2659 1405 2705 nomen
1427 2640 1497 2726 ejus

449 2749 468 2777 “
490 2741 618 2810 ‘ultra’
664 2741 849 2822 Laetamini,
883 2741 996 2829 igitur,
1030 2741 1194 2828 Princeps,
1225 2740 1395 2820 laetamini,
1421 2742 1498 2828 quia

450 2852 469 2880 “
486 2844 557 2931 jam
572 2845 764 2932 imprecatio
779 2843 885 2932 plebis
900 2843 1069 2910 descendit
1083 2845 1168 2910 sicut
1183 2865 1270 2931 aqua
1284 2843 1320 2908 in
1340 2845 1499 2910 interiora

450 2955 469 2982 “
492 2945 569 3034 ejus,
593 2947 782 3016 maledictio
805 2945 909 3014 ⁵vero
932 2947 1017 3014 siout
1040 2946 1148 3013 oleum
1170 2946 1207 3012 in
1238 2945 1365 3012 ossibus
1386 2946 1497 3034 ipsius

450 3058 468 3086 “
490 3051 665 3116 Laetamini
689 3051 797 3117 adhuc
818 3051 967 3128 ulterius,
987 3050 1067 3136 quia
1087 3049 1177 3115 illius
1199 3049 1357 3137 projectio
1386 3055 1497 3116 vestra

449 3161 467 3189 “
490 3152 553 3218 erit
575 3152 694 3218 erectio
716 3153 760 3218 ad
782 3153 911 3219 culmen
934 3151 1076 3232 honoris,
1099 3151 1198 3216 altius
1229 3173 1328 3239 quam
1350 3173 1496 3238 unquam

450 3261 469 3291 “
490 3258 590 3321 antea
626 3254 806 3336 habebatis,
845 3255 926 3320 dum
967 3256 1035 3341 ipse
1072 3254 1184 3320 stabat
1225 3253 1426 3322 auriculator
1463 3253 1500 3319 in

450 3355 624 3422 “auribus
648 3357 771 3423 vesum.
818 3356 900 3423 Sum
923 3378 992 3445 ego,
1009 3361 1044 3424 et
1068 3377 1196 3443 semper
1216 3355 1274 3436 fui,
1297 3360 1375 3422 sunt
1396 3356 1499 3422 etism

449 3465 467 3494 “
490 3479 603 3525 omnes
633 3456 741 3523 emiffi
763 3457 978 3539 adhaerentes,
999 3462 1035 3524 et
1057 3457 1202 3538 firerunt,
1223 3459 1345 3537 fideles,
1366 3457 1499 3538 ⁷imm0,

449 3559 671 3626 “fidelissimi
707 3560 856 3628 homines
893 3561 967 3650 ligii
1005 3561 1118 3641 vestri,
1150 3581 1341 3649 semperque
1378 3561 1500 3627 erimus

449 3661 611 3750 “pariter
634 3683 755 3743 omnes,
788 3662 868 3728 dum
901 3685 976 3730 caro
1008 3662 1108 3728 nubit
1131 3663 1274 3750 spiritui,
1298 3663 1499 3751 spiritusque

448 3773 467 3800 “
489 3764 581 3830 carni
611 3764 847 3846 dominabitur,
879 3766 1076 3832 voluntasve
1117 3762 1335 3853 ⁸subjicietur
1367 3765 1499 3846 rationi,

448 3877 465 3905 “
487 3867 574 3936 servi
603 3867 708 3934 vestri
730 3868 940 3956 paratissimi,
963 3867 1167 3957 egredientes
1201 3873 1236 3934 et
1265 3868 1500 3956 ingredientes,

449 3975 725 4060 “pergentesque
763 3971 806 4038 ad
840 3975 962 4038 nutum
998 3975 1033 4037 et
1069 3970 1330 4036 nominationem
1367 3970 1499 4059 imperii

447 4082 467 4111 “
488 4075 572 4164 regii
593 4072 723 4142 vestri.”

480 4350 535 4400 ¹In
563 4348 669 4400 allusion
696 4355 723 4400 to
750 4347 794 4400 the
822 4347 893 4398 Boot
920 4349 955 4414 as
990 4335 993 4344 ⁴
1025 4347 1206 4400 ‘Demetitis
1227 4349 1375 4415 depredatio
1391 4347 1500 4415 pluriam

446 4428 600 4494 Erttcrflii.
615 4433 654 4478 10.
988 4435 1047 4492 port
1073 4425 1128 4477 belli
1163 4427 1224 4477 docti
1257 4430 1500 4480 terminationem.-

478 4507 620 4558 ‘aarum
632 4507 688 4559 MS.
993 4506 1303 4571 Saperscriptiontel'olio
1316 4513 1355 4560 70.

479 4585 948 4638 ”Thesetworrordsereinsertedin
1025 4585 1224 4638 ‘mictide

445 4666 769 4719 ssomewhatlaterhand.
1025 4664 1135 4728 ⁷yvaoin
1147 4665 1205 4717 MS.

478 4745 682 4798 ‘Pausiae
1027 4743 1288 4796 'uticuturiniffi
