3668 5842
440 813 505 876 248
772 823 969 874 nnorsunuu
991 819 1151 872 assumas

271 1024 341 1076 Am.
355 1027 427 1075 isse.
440 1031 508 1076 non.
530 1010 658 1077 licebat.
704 1010 857 1076 Remens
879 1010 992 1097 igitur,
1015 1013 1049 1074 et
1071 1007 1241 1094 trepidans
1270 1006 1405 1072 insum
1427 1005 1487 1070 eli·

272 1105 300 1156 ἢ
311 1102 419 1169 wumg,
441 1135 506 1199 qua
521 1114 632 1189 dicere,
649 1113 741 1198 cujus
764 1120 780 1148 “
790 1111 975 1198 indignatio
998 1111 1141 1176 nuncius
1159 1114 1209 1176 est
1224 1107 1368 1188 mortis,”
1387 1108 1487 1195 juxta

272 1170 396 1302 ffiphe
442 1214 602 1280 ¹verbum
626 1215 813 1302 Scripturas,
835 1223 994 1301 praetereo
1016 1235 1055 1278 ea
1077 1213 1186 1278 omnia
1207 1212 1380 1298 inquibus
1406 1209 1489 1276 solet

273 1319 373 1370 person.
443 1318 580 1405 populus
602 1317 754 1404 garrulus
777 1317 881 1404 magis
912 1316 1128 1383 communiter
1151 1315 1214 1380 sibi
1236 1315 1417 1392 detrahere,
1439 1313 1487 1377 lo-

442 1421 562 1507 quique
585 1419 753 1485 interdum
776 1419 880 1502 aliter,
904 1440 1000 1507 quam
1023 1419 1120 1485 lectio
1139 1417 1211 1504 jam
1235 1417 1323 1482 dieta
1337 1415 1421 1481 solet
1435 1436 1489 1480 eos

441 1522 626 1600 informare,
653 1521 877 1608 descendoque
907 1521 950 1586 ad
979 1521 1062 1586 talia
1089 1542 1163 1606 quse
1194 1523 1325 1606 oportet
1355 1516 1489 1582 omnino

443 1626 483 1690 de
506 1646 643 1711 persona
663 1647 723 1691 aua
745 1623 885 1712 exprimi
896 1649 905 1705 ;
928 1623 982 1688 vel
1003 1624 1099 1689 aliter
1113 1644 1173 1689 nec
1187 1623 1292 1709 plena,
1307 1642 1367 1690 nec
1381 1619 1489 1707 plena,

443 1749 548 1814 neque
571 1726 723 1815 perfecta,
747 1725 862 1792 baberi
891 1726 1014 1813 poterit
1043 1725 1166 1792 notitia
1194 1725 1231 1789 in
1252 1723 1392 1790 materia
1414 1722 1491 1788 sub-

444 1829 602 1916 sequenti.

277 1939 414 2017 Thegrcat
490 1931 697 1998 Descendens
719 1931 823 2019 igitur
845 1930 927 2009 dico,
949 1930 1112 2016 quomodo
1136 1929 1209 1996 Rex
1230 1929 1394 1995 Henricus
1409 1925 1489 1993 Sex·

276 2004 502 2135 ffifflqtus
536 2032 612 2100 ²vir
633 2034 735 2100 fuerit
757 2034 918 2120 quamvis,
951 2034 992 2099 de
1026 2056 1069 2113 se,
1090 2039 1126 2099 et
1156 2055 1199 2100 ex
1230 2054 1273 2113 se,
1286 2031 1425 2119 simplex
1455 2035 1491 2094 et

277 2087 407 2214 taius
446 2141 563 2215 rectus,
587 2158 624 2201 ao
645 2137 681 2201 in
705 2158 739 2202 se
761 2138 808 2202 sio
830 2136 954 2213 beatus,
970 2135 1059 2221 quod
1082 2156 1142 2202 nec
1163 2140 1267 2201 staret
1288 2135 1325 2200 in
1340 2133 1397 2200 via
1418 2153 1490 2218 pec-

276 2204 418 2336 ffi'ffi
445 2243 602 2316 catorum,
624 2259 684 2304 nec
706 2237 834 2304 sederet
856 2237 892 2302 in
923 2236 1102 2304 ³cathedra
1131 2236 1337 2326 pestilentiae,
1358 2235 1492 2312 ⁴immo,

445 2363 505 2408 nec
527 2362 619 2406 suam
634 2363 655 2405 a
670 2340 740 2428 lege
762 2339 898 2406 Domini
920 2343 1083 2406 averteret
1105 2340 1321 2420 voluntatem,
1344 2344 1403 2404 aut
1424 2359 1491 2402 me·

445 2444 641 2510 ditationem
671 2443 864 2522 retraheret,
878 2443 946 2508 ullo
971 2449 1127 2529 tempore,
1150 2465 1208 2508 seu
1231 2443 1284 2508 die
1305 2464 1364 2508 seu
1386 2447 1490 2518 noete,

444 2546 529 2613 abiit
552 2552 664 2612 tamen
686 2545 855 2611 interdum
877 2545 914 2610 in
937 2545 1073 2611 concilio
1095 2545 1279 2631 impiorum,
1295 2544 1492 2632 illorumque

445 2649 574 2715 blandis
604 2648 812 2737 suggestibus
844 2648 1080 2735 depauperavit
1108 2670 1177 2714 non
1206 2647 1413 2715 mediocriter
1441 2669 1493 2712 re·

278 2761 373 2827 Byrhe
445 2751 537 2840 gium
570 2755 694 2817 statum
728 2772 832 2816 suum.
896 2751 1136 2838 suggesserunt
1167 2749 1284 2836 utique
1317 2750 1382 2836 ipsi
1419 2749 1492 2829 sibi,

279 2827 415 2945 {ffiffhe
447 2855 558 2920 decere
581 2874 689 2940 regem
712 2852 840 2940 largum
855 2873 933 2932 esse,
949 2859 983 2917 et
1005 2852 1181 2932 liberalem,
1197 2853 1387 2938 neminique
1402 2851 1492 2938 quic-

279 2960 301 3010 is
312 2933 402 3027 guiliy,
449 2979 549 3043 quam
565 2956 719 3034 dedicere,
735 2956 793 3043 qui
808 2955 908 3020 vellet
923 2955 966 3020 ab
981 2955 1052 3041 ipso
1074 2954 1208 3042 aliquid,
1232 2976 1290 3042 per
1305 2957 1392 3020 viam
1416 2976 1493 3042 sup-

279 3025 438 3144 ffiffi’ff
448 3058 643 3145 plicationis,
659 3057 827 3123 humiliter
850 3057 1038 3144 postulare;
1062 3063 1243 3122 asserentes
1258 3057 1494 3124 liberalitatem

280 3168 396 3210 extravs-
451 3161 610 3224 virtutem
625 3180 695 3224 esse
717 3159 816 3236 illam,
833 3180 915 3244 quae,
931 3180 998 3223 non
1022 3159 1130 3224 minus
1145 3181 1245 3246 quam
1263 3159 1403 3244 justitia,
1419 3179 1493 3223 oon-

279 3241 366 3293 m‘
449 3263 559 3327 firmat
582 3261 668 3348 regis
691 3260 816 3340 solium,
839 3281 899 3326 nec
921 3260 1062 3348 amplius
1084 3261 1271 3327 corroborat
1295 3263 1412 3348 ipsum,
1435 3267 1495 3326 aut

450 3363 680 3442 corroborabit,
695 3363 730 3427 iu
740 3362 875 3449 judicio,
891 3365 1008 3430 amodo
1017 3369 1052 3430 et
1067 3386 1170 3450 usque
1185 3365 1221 3429 in
1236 3365 1492 3451 sempiternum:

282 3473 437 3538 Argumenta
450 3465 608 3531 addentes
623 3464 771 3544 ulterius,
788 3466 939 3552 qualiter,
956 3467 1019 3532 etsi
1034 3467 1229 3555 Antigonus,
1246 3467 1382 3533 Graeciae
1404 3468 1495 3555 prin·

281 3553 322 3656 ξ’
318 3539 381 3656 1⁹23
383 3541 438 3655 {lm
450 3589 533 3654 ceps,
549 3564 679 3632 cuidam
702 3565 859 3652 ⁵Cynicc,
875 3569 1002 3656 petenti
1025 3567 1153 3656 abipso
1175 3569 1348 3650 talentum,
1364 3591 1494 3657 respon-

282 3671 388 3724 theam.
450 3670 544 3735 deret
566 3668 649 3734 illud
671 3668 745 3755 plus
767 3689 836 3735 esse
859 3690 958 3757 quam
981 3670 1110 3736 deceret
1139 3671 1246 3758 ipsum
1276 3673 1429 3760 accipere,
1452 3679 1494 3753 et,

450 3793 524 3838 cum
555 3771 705 3858 repulsus
736 3771 916 3858 postularet
939 3773 1119 3853 denarium,
1142 3774 1382 3862 superadderet,
1412 3776 1494 3842 illud

451 3875 560 3940 minus
577 3894 758 3960 essequam
775 3873 905 3942 deceret
926 3897 1035 3963 regem
1058 3875 1136 3942 dare
1146 3901 1155 3957 ;
1178 3874 1422 3958 “nihilominus
1447 3878 1495 3944 sol

451 3985 486 4042 et
507 3998 625 4054 cereus,
648 3975 708 4041 lux
731 3983 766 4042 et
785 3977 905 4056 radius,
921 3978 1026 4044 totius
1040 3978 1153 4065 gloria
1176 3979 1336 4060 militaris,
1352 3980 1495 4047 Maxen-

454 4079 512 4144 der
533 4080 683 4167 Magnus,
706 4079 836 4145 cuidam
862 4081 1007 4168 pauperi,
1024 4080 1096 4146 vice
1122 4080 1264 4167 quodam
1294 4086 1424 4170 petenti
1453 4085 1496 4151 ab

452 4205 492 4248 eo
515 4181 695 4261 denarium,
715 4182 817 4269 jussit
843 4183 922 4248 dare
945 4183 1140 4266 civitatem3
1165 4189 1289 4251 etcum
1305 4207 1431 4274 pauper
1447 4186 1497 4252 di·

452 4289 540 4351 ceret
562 4283 647 4350 illud
669 4284 809 4349 nimium
833 4305 910 4366 esse,
932 4287 1268 4373 respondit-“Non
1290 4310 1401 4376 quaero
1417 4289 1497 4375 quid

1290 4453 1433 4460 -....—.——
1441 4455 1452 4460 -
1466 4455 1472 4460 -

486 4533 494 4566 ¹
508 4531 637 4595 Prooerts,
648 4531 701 4583 xri.
715 4537 753 4583 1⁴.
1030 4537 1040 4567 ¹
1052 4537 1099 4588 See
1110 4535 1195 4587 Prota
1206 4537 1224 4589 i.
1237 4544 1259 4589 1.

485 4612 496 4645 ²
506 4610 605 4662 Beatus
626 4611 670 4662 sed
693 4611 954 4680 insulta-Marginal
1030 4614 1040 4646 ⁴
1049 4633 1102 4680 ymo
1112 4617 1138 4666 in
1149 4617 1205 4668 Ms.

452 4691 952 4753 Note‚inthehsndof1mowffliem
1030 4694 1176 4746 ‘clamis
1188 4695 1243 4747 MS.

452 4771 571 4824 nocuo.
973 4801 975 4834 i
1030 4773 1337 4828 ‘Nebtilominueinlffi
