3560 5838
666 911 844 984 menunrx
868 897 929 985 (n).
1256 899 1319 964 469

369 1096 506 1162 Summa
526 1097 617 1184 prius
639 1097 737 1175 dicto,
759 1098 787 1163 si
809 1099 854 1163 sit
874 1098 944 1163 sine
965 1097 1080 1164 froude
1102 1101 1248 1184 quotam,

367 1199 425 1264 Bis
446 1203 515 1264 tres
537 1197 686 1264 millenas
709 1199 813 1266 fertur
834 1198 1063 1265 transcendere
1084 1199 1192 1266 libras.

321 1399 490 1465 Johsnnes
530 1397 643 1478 Stoke,
682 1421 724 1464 ex
764 1399 951 1466 hominibus
996 1399 1107 1486 exigui
1151 1394 1322 1464 Prioratus

275 1501 316 1567 de
348 1501 572 1588 Welingforde
602 1507 798 1588 assumptus,
834 1507 868 1567 et
903 1523 963 1588 pro
997 1499 1186 1566 hominibus
1223 1499 1321 1585 hujus

276 1603 417 1668 ecclesiae
442 1609 555 1688 pastor
578 1609 612 1668 et
638 1603 762 1682 Abbas,
789 1603 824 1668 in
848 1603 914 1668 hiis
940 1624 1014 1688 quae
1037 1607 1116 1667 sunt
1139 1601 1181 1666 ad
1204 1601 1321 1677 Deum,

275 1703 481 1782 constitutus,
522 1726 581 1791 per
619 1725 722 1769 annos
758 1725 840 1792 pene
876 1704 1029 1770 undecim
1072 1702 1153 1768 satis
1193 1703 1320 1790 egregie

276 1805 435 1872 offerebat
464 1807 551 1873 dona
586 1812 620 1871 et
651 1807 809 1872 sscmficia
838 1828 898 1892 pro
927 1805 992 1870 hiis
1022 1806 1079 1891 qui
1105 1805 1261 1891 ignorant
1287 1809 1322 1870 et

276 1913 396 1984 errant,
421 1913 455 1972 et
483 1908 617 1973 stabant
634 1909 696 1973 sub
718 1907 956 1994 gubernatione
985 1929 1051 1972 sua.
1099 1906 1189 1972 Satis
1219 1907 1320 1971 etiam

275 2009 418 2075 viriliter
446 2011 598 2096 opposuit
628 2030 663 2075 se
694 2032 754 2097 pro
775 2010 850 2095 jure
875 2032 942 2076 suae
967 2011 1092 2086 domus,
1118 2013 1153 2074 et
1178 2007 1320 2074 ecclesie

275 2110 436 2177 libertate.
483 2111 571 2175 Nam
585 2113 727 2192 conanti,
751 2111 970 2199 cupientique,
986 2109 1128 2176 ¹Comiti
1148 2107 1319 2190 ΞΟιιοιιίω,

276 2213 311 2278 vi
335 2218 370 2278 et
390 2213 501 2299 vigore
524 2213 691 2298 cujusdem
713 2213 825 2294 talliae,
841 2214 1029 2300 perquirere
1051 2212 1114 2277 sibi
1138 2211 1320 2276 manerium

276 2315 317 2380 de
340 2311 517 2391 ⁸Gorlra1n,
543 2314 716 2401 ipsumque
746 2315 790 2380 ad
820 2314 1013 2395 dominium,
1039 2337 1060 2379 a
1090 2335 1156 2400 quo
1185 2313 1320 2394 exierat,

237 2481 241 2490 ,
274 2418 395 2483 iterum
410 2436 570 2492 revocare,
585 2415 666 2481 adeo
680 2415 827 2480 viriliter
850 2437 884 2480 ee
905 2415 1066 2502 opposuit,
1084 2414 1228 2500 adeoque
1243 2435 1321 2501 pru-

275 2519 394 2584 denter
416 2539 476 2605 pro
499 2516 681 2583 salvatione
706 2517 810 2604 ipsius
834 2517 1007 2596 laboravit,
1030 2521 1071 2582 ut
1095 2516 1239 2595 tandem,
1258 2531 1322 2602 'per

275 2625 437 2686 tractatus
467 2617 620 2698 medium,
644 2625 679 2684 et
708 2641 768 2705 per
798 2619 1015 2684 tricentarum
1041 2639 1225 2682 morcarum
1251 2639 1323 2705 pre·

275 2724 370 2800 tium,
386 2722 621 2787 relaxationem
641 2721 860 2787 sufficientem
883 2719 1064 2797 *obtinuit
1080 2720 1190 2805 sicque
1212 2719 1321 2806 ipsum

275 2825 458 2892 manerium
479 2823 677 2889 Monasterio
700 2844 760 2910 pro
781 2827 940 2909 perpetuo
960 2821 1132 2886 securavit.
1180 2820 1320 2885 (laidem

275 2927 376 2997 etiam
402 2926 527 3012 juveni,
554 2924 773 3011 praetendenti
804 2946 838 2990 se
868 2923 1030 2988 hoeredem
1061 2943 1129 2988 esse
1159 2926 1321 2986 terrarum

276 3029 316 3095 de
346 3026 588 3113 “Harpisfelde,
612 3040 646 3090 et
675 3027 835 3113 placitum
851 3024 1047 3102 suscitanti,
1077 3029 1147 3088 tam
1170 3027 1323 3108 potenter

276 3130 409 3209 restitit,
442 3134 482 3212 nt
516 3150 611 3194 suum
646 3128 834 3193 dimitteret
873 3125 1041 3212 placitum,
1075 3147 1135 3191 nec
1174 3124 1322 3202 ulterius,

276 3239 382 3298 morte
403 3237 601 3317 praeventus
620 3229 677 3314 jus
699 3235 759 3294 aut
781 3229 942 3293 clumeum
964 3227 1001 3292 in
1022 3227 1103 3313 ipsis
1123 3226 1320 3292 vendicaret.

321 3333 405 3400 (lum
431 3331 557 3396 Thomu
581 3332 714 3417 insuper
738 3329 949 3408 Gharletone‚
967 3327 1084 3408 Milite,
1100 3349 1159 3414 pro
1177 3329 1321 3394 manerio

276 3435 317 3500 de
339 3433 524 3499 ¹⁶Burstone
538 3433 696 3520 grandem
721 3431 841 3496 habuit
870 3429 1067 3508 conflictum,
1092 3435 1126 3494 et
1152 3435 1321 3516 sumptuo-

276 3559 371 3603 sum:
404 3541 560 3613 attamen,
590 3535 668 3620 quia
699 3533 794 3598 miles
832 3532 939 3598 luerat
956 3532 1112 3597 multum
1150 3531 1320 3618 litigiosus,

277 3638 447 3724 multaque
471 3637 696 3702 dominatione
720 3635 883 3711 suffultus,
898 3655 1105 3721 nequaquam
1129 3655 1205 3699 eum
1228 3633 1323 3721 plene

277 3741 388 3828 potuit
408 3739 577 3828 pacificare
609 3739 646 3803 in
680 3737 883 3824 temporibus
918 3737 992 3802 suis
1038 3736 1209 3814 Praeterea,
1233 3736 1323 3822 apud

277 3841 457 3909 Dominum
479 3841 601 3927 Regem
634 3861 693 3926 pro
728 3840 914 3903 retentione
937 3838 1142 3923 quorundam
1164 3837 1321 3922 jocalium

276 3949 311 4010 et
333 3947 606 4018 ornamentorum,
622 3963 696 4027 quse
720 3939 882 4006 Dominus
904 3939 984 4003 Dux
1004 3938 1224 4014 Gloueestriae,
1238 3943 1320 4002 tem-

277 4046 411 4132 poribus
441 4045 492 4110 sui
524 4040 775 4130 praedecessoris,
800 4039 942 4106 ecclesias
976 4039 1167 4115 donaverat,
1196 4043 1230 4103 et
1259 4039 1321 4104 sub

276 4149 398 4235 scripto
412 4147 556 4234 sigillato
571 4144 831 4220 confirmaverat,
842 4139 940 4207 tam·⁷
950 4145 1159 4227 opportunas,
1170 4162 1208 4206 ac
1219 4141 1320 4206 etism

332 4449 425 4498 Gemite
435 4449 461 4499 in
474 4448 531 4499 ΜΒ.
856 4443 867 4476 ⁵
878 4439 1198 4507 Harpesseld-Mcrginel
1208 4441 1281 4492 Note.

309 4532 321 4564 ²
333 4530 402 4582 John
413 4531 453 4581 De
463 4529 540 4578 Vere.
857 4523 867 4554 ⁵
878 4521 1020 4572 Monetium
1028 4520 1057 4570 de
1068 4519 1188 4573 Bur-stoa.
1217 4519 1320 4572 stemus

309 4609 470 4660 'Mestrium
478 4606 508 4656 de
520 4604 777 4668 Gerendus-Mer·
825 4599 963 4660 clariores,
973 4597 1219 4664 dfiler.-Marginel
1231 4600 1304 4650 Note.

276 4689 349 4757 giml
358 4688 433 4738 Note.
854 4679 865 4717 7
878 4686 1010 4744 oportunus
1021 4678 1046 4728 in
1060 4677 1115 4728 MS.

312 4765 540 4834 spasmus
