3668 5842
497 901 671 951 romarus
693 902 978 954 wnnmsnsrnnn
1000 903 1175 954 snounns.
1295 891 1358 954 305

314 1094 333 1122 “
354 1087 512 1166 tentibus,
534 1088 581 1153 sic
603 1088 772 1155 evidenter
794 1089 882 1174 quod
896 1089 1044 1176 cogitant
1058 1089 1141 1155 illud
1162 1088 1359 1156 rationabile
1371 1108 1439 1160 nl).
1453 1115 1526 1161 1458.

314 1198 334 1224 ‘⁴
357 1189 401 1254 ad
431 1190 611 1268 triandum,
632 1191 721 1277 quod
753 1196 876 1257 extunc
898 1191 1027 1257 licitum
1049 1192 1094 1257 sit
1125 1191 1214 1257 dicto
1236 1191 1359 1258 Comiti

315 1297 333 1325 “
356 1291 485 1372 Sarum,
497 1297 531 1357 et
542 1293 769 1359 executoribus
784 1293 859 1370 suis,
869 1292 913 1358 ad
923 1292 1182 1379 prosequendum
1196 1296 1361 1360 executio-

316 1400 334 1427 “
356 1415 431 1458 nem
441 1395 539 1460 diotm
549 1395 789 1482 recognitionis,
797 1400 830 1461 et
843 1395 947 1474 aliter,
956 1416 1030 1460 non.
1062 1394 1157 1474 Item,
1167 1395 1223 1460 ubi
1240 1397 1362 1462 diversi

317 1503 333 1529 “
356 1495 486 1575 milites,
507 1496 670 1584 armigeri,
685 1502 720 1562 et
741 1497 808 1575 alii,
823 1497 957 1583 quidam
972 1497 1161 1576 servientes,
1176 1503 1210 1563 et
1227 1497 1362 1584 quidam

317 1605 335 1632 “
357 1602 515 1678 tenentes,
538 1598 626 1664 dioto
648 1605 760 1666 nostro
782 1600 1021 1687 consanguineo
1044 1599 1167 1666 Oomiti
1181 1600 1363 1665 Northum-

318 1704 336 1734 “
358 1699 448 1778 briae,
464 1704 499 1765 et
521 1700 608 1766 dioto
631 1701 773 1766 Domino
791 1702 1004 1790 Egremonde,
1019 1701 1208 1768 ¹occasione
1229 1701 1364 1768 debata-

319 1807 336 1836 “
358 1823 431 1866 rum
447 1802 686 1888 praediotarum,
701 1803 833 1869 fuerant
848 1803 985 1892 obligati
1006 1825 1064 1890 per
1079 1825 1189 1870 eorum
1203 1805 1364 1891 separales

317 1907 335 1937 “
358 1902 576 1990 obligationes
599 1905 698 1970 alicui
721 1905 883 1972 dictorum
898 1907 1214 1994 consanguineorum
1236 1912 1365 1972 nostro·

318 2013 334 2039 “
357 2027 439 2082 rum,
454 2006 556 2072 Ducis
570 2007 718 2087 Eboraci,
734 2007 872 2074 Comitis
890 2009 1017 2087 Sarum,
1033 2015 1093 2075 aut
1108 2009 1205 2074 alicui
1220 2008 1363 2074 filiorum

319 2114 337 2142 “
359 2129 499 2188 suorum,
523 2109 566 2175 ad
600 2109 751 2176 effectum
783 2111 826 2176 ad
849 2110 1004 2177 standum
1035 2112 1180 2198 ipsorum
1202 2111 1364 2198 regimini,

318 2215 336 2244 “
359 2209 567 2292 ordinationi,
592 2219 626 2278 et
648 2212 756 2290 laudo,
778 2212 940 2292 volumus,
962 2214 1160 2290 ordinamus,
1182 2213 1363 2291 laudamus,

319 2319 337 2346 “
359 2318 393 2377 et
410 2312 607 2399 judicamus,
630 2315 717 2400 quod
740 2319 818 2380 ante
841 2314 977 2382 Festum
1008 2316 1120 2382 Sancti
1152 2317 1243 2382 Petri
1276 2317 1364 2402 quod

318 2420 336 2449 ‘⁴
358 2414 479 2480 dicitur
503 2415 575 2479 ‘Ad
605 2416 764 2496 Vincula,'
799 2418 948 2504 proximo
979 2417 1139 2498 futurum,
1164 2418 1252 2504 apud
1284 2419 1364 2484 civi·

317 2521 463 2582 “tatem
500 2523 646 2582 nostram
684 2518 877 2599 Eboracum,
907 2519 1005 2584 dictae
1043 2519 1261 2606 obligationes
1296 2521 1366 2586 sint

320 2627 337 2652 “
360 2623 552 2684 restauratae
574 2619 653 2706 ipsis
677 2620 735 2706 qui
766 2619 956 2708 obligantur
978 2621 1014 2686 in
1046 2621 1178 2702 eisdem,
1200 2621 1254 2688 vel
1277 2621 1366 2707 quod

318 2721 423 2808 “ipsi
459 2722 602 2787 habeant
646 2721 844 2788 sufficientes
892 2723 1132 2808 acquietancias
1178 2722 1363 2788 earundem.

319 2831 335 2858 ‘⁴
359 2824 420 2890 Sin
442 2831 562 2905 autem,
579 2825 666 2910 quod
689 2825 787 2892 dictae
802 2824 1027 2912 obligationes,
1043 2845 1101 2890 seu
1122 2825 1364 2911 acquietanoiae,

318 2934 336 2962 “
358 2933 436 2994 ante
451 2927 562 2994 2idem
577 2927 711 2993 Festum
737 2927 851 2994 Sancti
867 2928 965 3004 Petri,
981 2927 1049 2992 sint
1071 2928 1195 2992 ibidem
1216 2927 1365 2994 liberatae

319 3039 336 3064 “
360 3030 479 3116 Majori
495 3031 593 3097 dictae
608 3030 754 3096 civitatis
769 3036 890 3096 nostrae
905 3030 1053 3111 Eboraci,
1063 3030 1105 3096 ad
1122 3051 1218 3096 usum
1233 3031 1364 3096 illorum

318 3133 419 3218 “qui
443 3133 488 3198 sic
515 3132 712 3220 obligantur.
760 3131 857 3212 Item,
888 3132 1052 3208 volumus,
1076 3131 1256 3212 laudamus,
1278 3134 1364 3199 ordi·

318 3238 337 3268 “
358 3256 484 3313 namus,
506 3239 541 3299 et
558 3234 752 3319 judicamus,
776 3233 872 3319 quod,
895 3255 954 3320 per
975 3233 1188 3300 mediationes
1218 3230 1366 3320 superius

321 3341 338 3370 ‘⁸
361 3337 523 3413 recitatas,
538 3358 651 3402 omnes
673 3337 881 3416 sanationes,
905 3335 1084 3416 discordiae,
1112 3334 1249 3414 debatae,
1265 3335 1365 3404 ³con-

322 3445 339 3473 ‘⁴
364 3439 539 3516 troversiae,
561 3437 804 3525 appellationes,
828 3441 862 3502 et
885 3437 1030 3503 actiones
1063 3459 1149 3503 mere
1172 3441 1365 3524 personales,

318 3548 339 3576 ¹⁴
362 3563 435 3628 quae
458 3540 601 3620 fuerunt,
625 3547 659 3606 et
681 3540 724 3606 ad
740 3561 882 3627 praesens
905 3544 992 3618 sunt,
1011 3541 1099 3606 inter
1121 3545 1230 3627 partes
1252 3564 1367 3629 supra-

321 3649 340 3676 “
363 3642 477 3720 dictas,
492 3649 527 3707 et
541 3640 745 3728 ⁴quemlibet
760 3663 881 3720 eorum,
896 3646 931 3708 et
953 3642 1041 3707 inter
1063 3643 1206 3728 aliquem
1221 3646 1367 3732 partium

323 3751 340 3780 ‘⁶
363 3744 605 3832 praedietarum,
628 3767 666 3810 ao
688 3744 830 3831 aliquem
862 3745 1048 3810 tenentium
1071 3747 1124 3810 vel
1155 3748 1367 3814 servientium

324 3855 342 3885 ‘¹
365 3847 501 3934 alicujus
524 3848 696 3914 coirtrariae
711 3847 823 3934 partis,
838 3847 981 3934 plenarie
996 3848 1173 3934 pacificatae
1188 3847 1264 3927 sint,
1279 3856 1369 3936 post·

324 3958 340 3984 “
362 3950 488 4036 positae,
509 3955 544 4016 et
574 3951 760 4016 terminatae
782 3971 841 4036 pro
874 3955 1040 4036 perpetuo,
1070 3971 1128 4036 per
1158 3951 1228 4017 haec
1256 3957 1369 4017 nostra

322 4057 342 4086 ‘⁴
364 4051 548 4132 arbitrium,
565 4051 815 4132 ordinationem,
830 4049 973 4133 laudum,
991 4058 1025 4116 et
1043 4051 1214 4137 judicium.
1261 4053 1369 4118 Salvis

324 4161 490 4240 “semper
523 4153 659 4219 cuilibet
697 4153 840 4241 partium
877 4153 1117 4240 praedictarum,
1155 4155 1223 4220 suis
1259 4154 1369 4236 titulo,

323 4265 341 4292 “
364 4256 502 4338 actione,
526 4261 561 4322 et
582 4262 681 4334 recto,
704 4277 778 4342 quae
799 4255 901 4320 habet
922 4261 1055 4343 propter
1077 4257 1222 4342 aliquam
1236 4256 1370 4322 eviden-

321 4365 342 4394 “
365 4358 445 4423 tiam
459 4359 706 4446 arreragiorum,
718 4358 917 4437 reddituum,
929 4364 987 4424 aut
1002 4359 1140 4424 aliorum
1151 4359 1369 4438 servitiorum,

323 4465 341 4497 “
364 4467 590 4547 compotorum
622 4461 851 4540 detinentium,
874 4461 928 4526 vel
950 4460 1134 4526 debitorum
1169 4462 1369 4542 debentium,

321 4569 343 4599 “
365 4563 492 4628 ratione
514 4562 652 4649 alicujus
667 4562 829 4652 ⁵legitimi
848 4567 1035 4630 contractus
1057 4569 1116 4629 aut
1130 4564 1219 4645 facti,
1233 4565 1371 4632 confecti

355 4747 607 4802 ¹ucooor'oaeinMS.
903 4747 967 4800 ⁴Slc
979 4747 1091 4809 inus,
1108 4748 1134 4798 in
1145 4749 1188 4801 the
1199 4751 1343 4804 masculine.

356 4827 580 4881 'uademinbffi
903 4825 1064 4894 ‘nnumin
1075 4828 1132 4882 MS.

354 4905 366 4939 ³
377 4909 546 4959 ooabcrrrn'oe
555 4908 583 4959 in
593 4908 650 4962 MS.

1214 5007 1240 5060 U
