<?xml version="1.0" encoding="UTF-8"?>
<!DOCTYPE html PUBLIC "-//W3C//DTD XHTML 1.0 Transitional//EN"
    "http://www.w3.org/TR/xhtml1/DTD/xhtml1-transitional.dtd">
<html xmlns="http://www.w3.org/1999/xhtml" xml:lang="en" lang="en">
 <head>
  <title>
</title>
<meta http-equiv="Content-Type" content="text/html;charset=utf-8" />
  <meta name='ocr-system' content='tesseract 3.04.00' />
  <meta name='ocr-capabilities' content='ocr_page ocr_carea ocr_par ocr_line ocrx_word'/>
</head>
<body>
  <div class='ocr_page' id='page_1' title='image "./registraquorund00wallgoog_0079.png"; bbox 0 0 3588 5838; ppageno 0'>
   <div class='ocr_carea' id='block_1_1' title="bbox 495 875 1354 938">
    <p class='ocr_par' dir='ltr' id='par_1_1' title="bbox 495 875 1354 938">
     <span class='ocr_line' id='line_1_1' title="bbox 495 875 1354 938; baseline 0.001 -2"><span class='ocrx_word' id='word_1_1' title='bbox 495 885 679 938; x_wconf 73' lang='lat' dir='ltr'>nonarius</span> <span class='ocrx_word' id='word_1_2' title='bbox 692 885 978 936; x_wconf 77' lang='lat' dir='ltr'>wnnrulusrnon</span> <span class='ocrx_word' id='word_1_3' title='bbox 1001 887 1176 937; x_wconf 78' lang='lat' dir='ltr'>sncuunn</span> <span class='ocrx_word' id='word_1_4' title='bbox 1313 875 1354 938; x_wconf 77' lang='lat'>21</span> 
     </span>
    </p>
   </div>
   <div class='ocr_carea' id='block_1_2' title="bbox 308 1071 1527 4224">
    <p class='ocr_par' dir='ltr' id='par_1_2' title="bbox 308 1071 1522 1263">
     <span class='ocr_line' id='line_1_2' title="bbox 308 1071 1522 1160; baseline -0.002 -24"><span class='ocrx_word' id='word_1_5' title='bbox 308 1077 328 1106; x_wconf 91' lang='lat'><strong>“</strong></span> <span class='ocrx_word' id='word_1_6' title='bbox 349 1071 448 1136; x_wconf 88' lang='lat' dir='ltr'>modo</span> <span class='ocrx_word' id='word_1_7' title='bbox 469 1073 526 1140; x_wconf 86' lang='lat' dir='ltr'>illa</span> <span class='ocrx_word' id='word_1_8' title='bbox 552 1073 663 1139; x_wconf 90' lang='lat' dir='ltr'>omnia</span> <span class='ocrx_word' id='word_1_9' title='bbox 685 1095 759 1160; x_wconf 83' lang='lat' dir='ltr'>quac</span> <span class='ocrx_word' id='word_1_10' title='bbox 786 1071 985 1158; x_wconf 86' lang='lat' dir='ltr'>jamdudum</span> <span class='ocrx_word' id='word_1_11' title='bbox 1009 1095 1091 1158; x_wconf 83' lang='lat' dir='ltr'>grex</span> <span class='ocrx_word' id='word_1_12' title='bbox 1113 1093 1187 1138; x_wconf 92' lang='lat' dir='ltr'>cum</span> <span class='ocrx_word' id='word_1_13' title='bbox 1221 1075 1437 1159; x_wconf 62' lang='lat' dir='ltr'>pastorem).</span> <span class='ocrx_word' id='word_1_14' title='bbox 1452 1087 1522 1134; x_wconf 77' lang='lat'>1452.</span> 
     </span>
     <span class='ocr_line' id='line_1_3' title="bbox 308 1175 1357 1263; baseline 0.001 -24"><span class='ocrx_word' id='word_1_15' title='bbox 308 1181 327 1210; x_wconf 91' lang='lat'>“</span> <span class='ocrx_word' id='word_1_16' title='bbox 350 1179 385 1239; x_wconf 88' lang='lat' dir='ltr'>et</span> <span class='ocrx_word' id='word_1_17' title='bbox 399 1181 510 1262; x_wconf 88' lang='lat' dir='ltr'>pastor</span> <span class='ocrx_word' id='word_1_18' title='bbox 524 1198 597 1242; x_wconf 89' lang='lat' dir='ltr'>cum</span> <span class='ocrx_word' id='word_1_19' title='bbox 621 1199 681 1242; x_wconf 91' lang='lat' dir='ltr'>suo</span> <span class='ocrx_word' id='word_1_20' title='bbox 701 1197 808 1263; x_wconf 85' lang='lat' dir='ltr'>grege,</span> <span class='ocrx_word' id='word_1_21' title='bbox 831 1175 1050 1255; x_wconf 85' lang='lat' dir='ltr'>adduxerunt,</span> <span class='ocrx_word' id='word_1_22' title='bbox 1066 1181 1357 1263; x_wconf 87' lang='lat' dir='ltr'>opposueruntque,</span> 
     </span>
    </p>

    <p class='ocr_par' dir='ltr' id='par_1_3' title="bbox 309 1276 1358 1365">
     <span class='ocr_line' id='line_1_4' title="bbox 309 1276 1358 1365; baseline 0.002 -27"><span class='ocrx_word' id='word_1_23' title='bbox 309 1283 328 1309; x_wconf 86' lang='lat'>“</span> <span class='ocrx_word' id='word_1_24' title='bbox 351 1276 393 1340; x_wconf 87' lang='lat' dir='ltr'>in</span> <span class='ocrx_word' id='word_1_25' title='bbox 410 1279 645 1344; x_wconf 70' lang='lat' dir='ltr'><strong>extinctionem</strong></span> <span class='ocrx_word' id='word_1_26' title='bbox 667 1278 811 1344; x_wconf 91' lang='lat' dir='ltr'>nominis</span> <span class='ocrx_word' id='word_1_27' title='bbox 834 1277 913 1365; x_wconf 90' lang='lat' dir='ltr'>ejus,</span> <span class='ocrx_word' id='word_1_28' title='bbox 930 1278 1017 1359; x_wconf 83' lang='lat' dir='ltr'>ficta,</span> <span class='ocrx_word' id='word_1_29' title='bbox 1039 1279 1133 1344; x_wconf 89' lang='lat' dir='ltr'>fatua</span> <span class='ocrx_word' id='word_1_30' title='bbox 1155 1279 1300 1356; x_wconf 85' lang='lat' dir='ltr'>fuerunt,</span> <span class='ocrx_word' id='word_1_31' title='bbox 1323 1282 1358 1342; x_wconf 92' lang='lat' dir='ltr'>et</span> 
     </span>
    </p>

    <p class='ocr_par' dir='ltr' id='par_1_4' title="bbox 310 1378 1359 1467">
     <span class='ocr_line' id='line_1_5' title="bbox 310 1378 1359 1467; baseline 0.001 -25"><span class='ocrx_word' id='word_1_32' title='bbox 310 1385 327 1412; x_wconf 89' lang='lat'><em>“</em></span> <span class='ocrx_word' id='word_1_33' title='bbox 349 1378 476 1458; x_wconf 84' lang='lat' dir='ltr'>frivola,</span> <span class='ocrx_word' id='word_1_34' title='bbox 498 1381 536 1446; x_wconf 91' lang='lat' dir='ltr'>in</span> <span class='ocrx_word' id='word_1_35' title='bbox 561 1382 753 1467; x_wconf 68' lang='lat' dir='ltr'>malitiaque</span> <span class='ocrx_word' id='word_1_36' title='bbox 783 1381 903 1466; x_wconf 88' lang='lat' dir='ltr'>potius,</span> <span class='ocrx_word' id='word_1_37' title='bbox 926 1381 997 1446; x_wconf 84' lang='lat' dir='ltr'>sive</span> <span class='ocrx_word' id='word_1_38' title='bbox 1031 1381 1168 1459; x_wconf 88' lang='lat' dir='ltr'>invidia,</span> <span class='ocrx_word' id='word_1_39' title='bbox 1190 1401 1290 1467; x_wconf 87' lang='lat' dir='ltr'>quam</span> <span class='ocrx_word' id='word_1_40' title='bbox 1322 1379 1359 1443; x_wconf 93' lang='lat' dir='ltr'>in</span> 
     </span>
    </p>

    <p class='ocr_par' dir='ltr' id='par_1_5' title="bbox 310 1482 1359 1565">
     <span class='ocr_line' id='line_1_6' title="bbox 310 1482 1359 1565; baseline -0.001 -18"><span class='ocrx_word' id='word_1_41' title='bbox 310 1486 330 1514; x_wconf 90' lang='lat'><strong>“</strong></span> <span class='ocrx_word' id='word_1_42' title='bbox 353 1483 504 1565; x_wconf 86' lang='lat' dir='ltr'>veritate,</span> <span class='ocrx_word' id='word_1_43' title='bbox 527 1485 597 1549; x_wconf 90' lang='lat' dir='ltr'>sive</span> <span class='ocrx_word' id='word_1_44' title='bbox 620 1485 656 1550; x_wconf 93' lang='lat' dir='ltr'>in</span> <span class='ocrx_word' id='word_1_45' title='bbox 681 1484 828 1564; x_wconf 87' lang='lat' dir='ltr'>caritate,</span> <span class='ocrx_word' id='word_1_46' title='bbox 850 1483 1003 1550; x_wconf 86' lang='lat' dir='ltr'>radicata.</span> <span class='ocrx_word' id='word_1_47' title='bbox 1042 1483 1128 1564; x_wconf 81' lang='lat' dir='ltr'>Quia</span> <span class='ocrx_word' id='word_1_48' title='bbox 1143 1485 1171 1548; x_wconf 90' lang='lat' dir='ltr'>si</span> <span class='ocrx_word' id='word_1_49' title='bbox 1186 1505 1265 1548; x_wconf 88' lang='lat' dir='ltr'>vera</span> <span class='ocrx_word' id='word_1_50' title='bbox 1279 1482 1359 1547; x_wconf 86' lang='lat' dir='ltr'>fuis-</span> 
     </span>
    </p>

    <p class='ocr_par' dir='ltr' id='par_1_6' title="bbox 311 1585 1360 1665">
     <span class='ocr_line' id='line_1_7' title="bbox 311 1585 1360 1665; baseline -0.001 -15"><span class='ocrx_word' id='word_1_51' title='bbox 311 1588 331 1619; x_wconf 89' lang='lat'><strong><em>“</em></strong></span> <span class='ocrx_word' id='word_1_52' title='bbox 353 1590 435 1663; x_wconf 88' lang='lat' dir='ltr'>sent,</span> <span class='ocrx_word' id='word_1_53' title='bbox 458 1587 528 1652; x_wconf 88' lang='lat' dir='ltr'>sive</span> <span class='ocrx_word' id='word_1_54' title='bbox 560 1587 596 1652; x_wconf 94' lang='lat' dir='ltr'>in</span> <span class='ocrx_word' id='word_1_55' title='bbox 626 1587 770 1653; x_wconf 82' lang='lat' dir='ltr'>ueritute</span> <span class='ocrx_word' id='word_1_56' title='bbox 798 1591 857 1652; x_wconf 88' lang='lat' dir='ltr'>aut</span> <span class='ocrx_word' id='word_1_57' title='bbox 880 1586 918 1651; x_wconf 91' lang='lat' dir='ltr'>in</span> <span class='ocrx_word' id='word_1_58' title='bbox 942 1586 1080 1652; x_wconf 86' lang='lat' dir='ltr'>caritate</span> <span class='ocrx_word' id='word_1_59' title='bbox 1103 1585 1252 1665; x_wconf 86' lang='lat' dir='ltr'>fundata,</span> <span class='ocrx_word' id='word_1_60' title='bbox 1275 1606 1360 1650; x_wconf 90' lang='lat' dir='ltr'>nun-</span> 
     </span>
    </p>

    <p class='ocr_par' dir='ltr' id='par_1_7' title="bbox 310 1688 1358 1776">
     <span class='ocr_line' id='line_1_8' title="bbox 310 1688 1358 1776; baseline 0.001 -25"><span class='ocrx_word' id='word_1_61' title='bbox 310 1693 329 1720; x_wconf 87' lang='lat'>“</span> <span class='ocrx_word' id='word_1_62' title='bbox 351 1708 449 1771; x_wconf 86' lang='lat' dir='ltr'>quam</span> <span class='ocrx_word' id='word_1_63' title='bbox 480 1692 628 1754; x_wconf 85' lang='lat' dir='ltr'>sensatus</span> <span class='ocrx_word' id='word_1_64' title='bbox 651 1689 843 1756; x_wconf 71' lang='lat' dir='ltr'><strong>Conventus</strong></span> <span class='ocrx_word' id='word_1_65' title='bbox 872 1688 1022 1776; x_wconf 71' lang='lat' dir='ltr'>elegisset</span> <span class='ocrx_word' id='word_1_66' title='bbox 1045 1710 1118 1754; x_wconf 90' lang='lat' dir='ltr'>eum</span> <span class='ocrx_word' id='word_1_67' title='bbox 1153 1709 1275 1768; x_wconf 84' lang='lat' dir='ltr'>rursus,</span> <span class='ocrx_word' id='word_1_68' title='bbox 1299 1691 1358 1752; x_wconf 86' lang='lat' dir='ltr'>aut</span> 
     </span>
    </p>

    <p class='ocr_par' dir='ltr' id='par_1_8' title="bbox 310 1789 988 1878">
     <span class='ocr_line' id='line_1_9' title="bbox 310 1789 988 1878; baseline 0.004 -23"><span class='ocrx_word' id='word_1_69' title='bbox 310 1797 329 1826; x_wconf 91' lang='lat'><strong>“</strong></span> <span class='ocrx_word' id='word_1_70' title='bbox 350 1793 563 1858; x_wconf 73' lang='lat' dir='ltr'>consensisset</span> <span class='ocrx_word' id='word_1_71' title='bbox 585 1793 622 1857; x_wconf 93' lang='lat' dir='ltr'>in</span> <span class='ocrx_word' id='word_1_72' title='bbox 644 1792 835 1858; x_wconf 86' lang='lat' dir='ltr'>electionem</span> <span class='ocrx_word' id='word_1_73' title='bbox 857 1789 988 1878; x_wconf 87' lang='lat' dir='ltr'>ipsius.”</span> 
     </span>
    </p>

    <p class='ocr_par' dir='ltr' id='par_1_9' title="bbox 309 1891 1527 3310">
     <span class='ocr_line' id='line_1_10' title="bbox 355 1891 1492 1980; baseline 0.002 -23"><span class='ocrx_word' id='word_1_74' title='bbox 355 1891 445 1959; x_wconf 92' lang='lat' dir='ltr'>Dum</span> <span class='ocrx_word' id='word_1_75' title='bbox 460 1899 571 1960; x_wconf 86' lang='lat' dir='ltr'>autem</span> <span class='ocrx_word' id='word_1_76' title='bbox 594 1894 663 1962; x_wconf 81' lang='lat' dir='ltr'>haec</span> <span class='ocrx_word' id='word_1_77' title='bbox 678 1901 712 1961; x_wconf 85' lang='lat' dir='ltr'>ct</span> <span class='ocrx_word' id='word_1_78' title='bbox 727 1895 792 1960; x_wconf 87' lang='lat' dir='ltr'>alia</span> <span class='ocrx_word' id='word_1_79' title='bbox 805 1895 899 1959; x_wconf 85' lang='lat' dir='ltr'>varia</span> <span class='ocrx_word' id='word_1_80' title='bbox 921 1895 1134 1980; x_wconf 78' lang='lat' dir='ltr'>loquerentur</span> <span class='ocrx_word' id='word_1_81' title='bbox 1157 1895 1222 1960; x_wconf 91' lang='lat' dir='ltr'>viri</span> <span class='ocrx_word' id='word_1_82' title='bbox 1237 1893 1359 1959; x_wconf 89' lang='lat' dir='ltr'>nedum</span> <span class='ocrx_word' id='word_1_83' title='bbox 1371 1908 1492 1973; x_wconf 70' lang='lat' dir='ltr'>Propan-</span> 
     </span>
     <span class='ocr_line' id='line_1_11' title="bbox 311 1975 1527 2093; baseline 0.002 -33"><span class='ocrx_word' id='word_1_84' title='bbox 311 1996 436 2060; x_wconf 81' lang='lat' dir='ltr'>sensati</span> <span class='ocrx_word' id='word_1_85' title='bbox 466 2001 501 2062; x_wconf 91' lang='lat' dir='ltr'>et</span> <span class='ocrx_word' id='word_1_86' title='bbox 523 1997 627 2075; x_wconf 89' lang='lat' dir='ltr'>solidi,</span> <span class='ocrx_word' id='word_1_87' title='bbox 650 1996 856 2083; x_wconf 89' lang='lat' dir='ltr'>lquinimmo</span> <span class='ocrx_word' id='word_1_88' title='bbox 885 1997 988 2062; x_wconf 88' lang='lat' dir='ltr'>etiarn</span> <span class='ocrx_word' id='word_1_89' title='bbox 1018 1997 1115 2062; x_wconf 90' lang='lat' dir='ltr'>multi</span> <span class='ocrx_word' id='word_1_90' title='bbox 1147 1997 1212 2077; x_wconf 87' lang='lat' dir='ltr'>alii,</span> <span class='ocrx_word' id='word_1_91' title='bbox 1235 1997 1359 2063; x_wconf 80' lang='lat' dir='ltr'>rurales</span> <span class='ocrx_word' id='word_1_92' title='bbox 1370 1975 1527 2093; x_wconf 52' lang='lat' dir='ltr'>ffifflm</span> 
     </span>
     <span class='ocr_line' id='line_1_12' title="bbox 309 2097 1483 2188; baseline -0.002 -27"><span class='ocrx_word' id='word_1_93' title='bbox 309 2097 526 2185; x_wconf 81' lang='lat' dir='ltr'>vulgaresque</span> <span class='ocrx_word' id='word_1_94' title='bbox 548 2099 669 2188; x_wconf 79' lang='lat' dir='ltr'>populi,</span> <span class='ocrx_word' id='word_1_95' title='bbox 691 2099 987 2184; x_wconf 78' lang='lat' dir='ltr'>continuarentque</span> <span class='ocrx_word' id='word_1_96' title='bbox 1009 2120 1190 2166; x_wconf 89' lang='lat' dir='ltr'>sermonem</span> <span class='ocrx_word' id='word_1_97' title='bbox 1213 2099 1250 2164; x_wconf 89' lang='lat' dir='ltr'>in</span> <span class='ocrx_word' id='word_1_98' title='bbox 1271 2099 1358 2166; x_wconf 90' lang='lat' dir='ltr'>locu-</span> <span class='ocrx_word' id='word_1_99' title='bbox 1371 2109 1483 2186; x_wconf 71' lang='lat' dir='ltr'>instalu-</span> 
     </span>
     <span class='ocr_line' id='line_1_13' title="bbox 310 2183 1432 2282; baseline 0.001 -16"><span class='ocrx_word' id='word_1_100' title='bbox 310 2202 401 2267; x_wconf 90' lang='lat' dir='ltr'>tione</span> <span class='ocrx_word' id='word_1_101' title='bbox 424 2223 492 2282; x_wconf 85' lang='lat' dir='ltr'>sua,</span> <span class='ocrx_word' id='word_1_102' title='bbox 515 2202 634 2267; x_wconf 86' lang='lat' dir='ltr'>accidit</span> <span class='ocrx_word' id='word_1_103' title='bbox 665 2206 705 2268; x_wconf 93' lang='lat' dir='ltr'>ut</span> <span class='ocrx_word' id='word_1_104' title='bbox 737 2201 873 2266; x_wconf 85' lang='lat' dir='ltr'>tandem</span> <span class='ocrx_word' id='word_1_105' title='bbox 895 2201 1037 2267; x_wconf 78' lang='lat' dir='ltr'>instaret</span> <span class='ocrx_word' id='word_1_106' title='bbox 1068 2201 1105 2268; x_wconf 92' lang='lat' dir='ltr'>in</span> <span class='ocrx_word' id='word_1_107' title='bbox 1131 2201 1256 2267; x_wconf 87' lang='lat' dir='ltr'>foribus</span> <span class='ocrx_word' id='word_1_108' title='bbox 1290 2202 1359 2267; x_wconf 87' lang='lat' dir='ltr'>dies</span> <span class='ocrx_word' id='word_1_109' title='bbox 1372 2183 1432 2226; x_wconf 67' lang='lat'><strong>⁰⁰¹²·</strong></span> 
     </span>
     <span class='ocr_line' id='line_1_14' title="bbox 311 2303 1359 2390; baseline 0 -20"><span class='ocrx_word' id='word_1_110' title='bbox 311 2303 367 2370; x_wconf 91' lang='lat' dir='ltr'>ille</span> <span class='ocrx_word' id='word_1_111' title='bbox 400 2303 571 2382; x_wconf 86' lang='lat' dir='ltr'>limitatus,</span> <span class='ocrx_word' id='word_1_112' title='bbox 610 2305 647 2369; x_wconf 92' lang='lat' dir='ltr'>in</span> <span class='ocrx_word' id='word_1_113' title='bbox 678 2326 743 2390; x_wconf 92' lang='lat' dir='ltr'>quo</span> <span class='ocrx_word' id='word_1_114' title='bbox 780 2303 952 2390; x_wconf 81' lang='lat' dir='ltr'>oportebat</span> <span class='ocrx_word' id='word_1_115' title='bbox 986 2303 1094 2390; x_wconf 91' lang='lat' dir='ltr'>ipsum</span> <span class='ocrx_word' id='word_1_116' title='bbox 1129 2303 1301 2370; x_wconf 85' lang='lat' dir='ltr'>ascendere</span> <span class='ocrx_word' id='word_1_117' title='bbox 1324 2305 1359 2370; x_wconf 92' lang='lat' dir='ltr'>in</span> 
     </span>
     <span class='ocr_line' id='line_1_15' title="bbox 312 2403 1361 2494; baseline 0 -22"><span class='ocrx_word' id='word_1_118' title='bbox 312 2428 443 2494; x_wconf 88' lang='lat' dir='ltr'>equum,</span> <span class='ocrx_word' id='word_1_119' title='bbox 473 2406 685 2493; x_wconf 85' lang='lat' dir='ltr'>accedereque</span> <span class='ocrx_word' id='word_1_120' title='bbox 719 2405 762 2470; x_wconf 89' lang='lat' dir='ltr'>ad</span> <span class='ocrx_word' id='word_1_121' title='bbox 785 2403 978 2471; x_wconf 66' lang='lat' dir='ltr'>”sollemnia</span> <span class='ocrx_word' id='word_1_122' title='bbox 1007 2405 1251 2474; x_wconf 87' lang='lat' dir='ltr'>installationis.</span> <span class='ocrx_word' id='word_1_123' title='bbox 1298 2407 1361 2472; x_wconf 87' lang='lat' dir='ltr'>Die</span> 
     </span>
     <span class='ocr_line' id='line_1_16' title="bbox 312 2507 1361 2596; baseline 0.001 -24"><span class='ocrx_word' id='word_1_124' title='bbox 312 2508 417 2596; x_wconf 89' lang='lat' dir='ltr'>igitur</span> <span class='ocrx_word' id='word_1_125' title='bbox 438 2509 594 2586; x_wconf 81' lang='lat' dir='ltr'>instante,</span> <span class='ocrx_word' id='word_1_126' title='bbox 616 2508 758 2574; x_wconf 88' lang='lat' dir='ltr'>ascensit</span> <span class='ocrx_word' id='word_1_127' title='bbox 788 2507 825 2572; x_wconf 93' lang='lat' dir='ltr'>in</span> <span class='ocrx_word' id='word_1_128' title='bbox 852 2528 925 2572; x_wconf 87' lang='lat' dir='ltr'>eum</span> <span class='ocrx_word' id='word_1_129' title='bbox 959 2529 1088 2594; x_wconf 91' lang='lat' dir='ltr'>equum,</span> <span class='ocrx_word' id='word_1_130' title='bbox 1112 2509 1270 2596; x_wconf 81' lang='lat' dir='ltr'>venitque</span> <span class='ocrx_word' id='word_1_131' title='bbox 1293 2531 1361 2574; x_wconf 93' lang='lat' dir='ltr'>non</span> 
     </span>
     <span class='ocr_line' id='line_1_17' title="bbox 313 2607 1361 2697; baseline 0.001 -21"><span class='ocrx_word' id='word_1_132' title='bbox 313 2612 423 2676; x_wconf 86' lang='lat' dir='ltr'>minus</span> <span class='ocrx_word' id='word_1_133' title='bbox 453 2610 490 2675; x_wconf 92' lang='lat' dir='ltr'>in</span> <span class='ocrx_word' id='word_1_134' title='bbox 519 2610 681 2697; x_wconf 86' lang='lat' dir='ltr'>lacrymis,</span> <span class='ocrx_word' id='word_1_135' title='bbox 706 2607 826 2695; x_wconf 79' lang='lat' dir='ltr'>⁸quam</span> <span class='ocrx_word' id='word_1_136' title='bbox 854 2632 930 2676; x_wconf 90' lang='lat' dir='ltr'>cum</span> <span class='ocrx_word' id='word_1_137' title='bbox 960 2609 1133 2695; x_wconf 90' lang='lat' dir='ltr'>equitibus,</span> <span class='ocrx_word' id='word_1_138' title='bbox 1161 2610 1203 2676; x_wconf 85' lang='lat' dir='ltr'>ad</span> <span class='ocrx_word' id='word_1_139' title='bbox 1237 2612 1361 2677; x_wconf 90' lang='lat' dir='ltr'>ostium</span> 
     </span>
     <span class='ocr_line' id='line_1_18' title="bbox 313 2711 1360 2800; baseline -0.001 -20"><span class='ocrx_word' id='word_1_140' title='bbox 313 2715 520 2781; x_wconf 88' lang='lat' dir='ltr'>Occidentale</span> <span class='ocrx_word' id='word_1_141' title='bbox 543 2714 684 2779; x_wconf 84' lang='lat' dir='ltr'>ecclesiae</span> <span class='ocrx_word' id='word_1_142' title='bbox 696 2737 705 2795; x_wconf 94' lang='lat'>;</span> <span class='ocrx_word' id='word_1_143' title='bbox 735 2713 794 2779; x_wconf 89' lang='lat' dir='ltr'>ubi</span> <span class='ocrx_word' id='word_1_144' title='bbox 816 2734 837 2776; x_wconf 87' lang='lat' dir='ltr'>a</span> <span class='ocrx_word' id='word_1_145' title='bbox 859 2712 970 2778; x_wconf 90' lang='lat' dir='ltr'>Priore</span> <span class='ocrx_word' id='word_1_146' title='bbox 993 2719 1027 2778; x_wconf 88' lang='lat' dir='ltr'>ct</span> <span class='ocrx_word' id='word_1_147' title='bbox 1049 2711 1227 2780; x_wconf 82' lang='lat' dir='ltr'>Conventu</span> <span class='ocrx_word' id='word_1_148' title='bbox 1250 2736 1360 2800; x_wconf 90' lang='lat' dir='ltr'>recep-</span> 
     </span>
     <span class='ocr_line' id='line_1_19' title="bbox 312 2815 1360 2903; baseline -0.004 -19"><span class='ocrx_word' id='word_1_149' title='bbox 312 2823 368 2885; x_wconf 88' lang='lat' dir='ltr'>tus</span> <span class='ocrx_word' id='word_1_150' title='bbox 395 2817 677 2903; x_wconf 78' lang='lat' dir='ltr'>processionaliter</span> <span class='ocrx_word' id='word_1_151' title='bbox 699 2821 734 2882; x_wconf 89' lang='lat' dir='ltr'>et</span> <span class='ocrx_word' id='word_1_152' title='bbox 755 2815 941 2892; x_wconf 84' lang='lat' dir='ltr'>honorifice,</span> <span class='ocrx_word' id='word_1_153' title='bbox 965 2819 1000 2878; x_wconf 91' lang='lat' dir='ltr'>et</span> <span class='ocrx_word' id='word_1_154' title='bbox 1021 2821 1096 2900; x_wconf 89' lang='lat' dir='ltr'>post</span> <span class='ocrx_word' id='word_1_155' title='bbox 1122 2816 1360 2902; x_wconf 85' lang='lat' dir='ltr'>processionem</span> 
     </span>
     <span class='ocr_line' id='line_1_20' title="bbox 314 2915 1445 3004; baseline -0.002 -20"><span class='ocrx_word' id='word_1_156' title='bbox 314 2920 469 2986; x_wconf 87' lang='lat' dir='ltr'>inductus</span> <span class='ocrx_word' id='word_1_157' title='bbox 484 2921 520 2985; x_wconf 93' lang='lat' dir='ltr'>in</span> <span class='ocrx_word' id='word_1_158' title='bbox 535 2921 679 2998; x_wconf 90' lang='lat' dir='ltr'>chorum,</span> <span class='ocrx_word' id='word_1_159' title='bbox 693 2939 731 2984; x_wconf 88' lang='lat' dir='ltr'>ac</span> <span class='ocrx_word' id='word_1_160' title='bbox 745 2917 869 2982; x_wconf 87' lang='lat' dir='ltr'>ibidem</span> <span class='ocrx_word' id='word_1_161' title='bbox 883 2915 1078 2994; x_wconf 83' lang='lat' dir='ltr'>installatus,</span> <span class='ocrx_word' id='word_1_162' title='bbox 1094 2917 1131 2981; x_wconf 93' lang='lat' dir='ltr'>in</span> <span class='ocrx_word' id='word_1_163' title='bbox 1153 2918 1259 2983; x_wconf 84' lang='lat' dir='ltr'>forma</span> <span class='ocrx_word' id='word_1_164' title='bbox 1275 2919 1363 3004; x_wconf 91' lang='lat' dir='ltr'>juris</span> <span class='ocrx_word' id='word_1_165' title='bbox 1440 2941 1445 2954; x_wconf 93' lang='lat'>·</span> 
     </span>
     <span class='ocr_line' id='line_1_21' title="bbox 315 3018 1363 3106; baseline -0.004 -16"><span class='ocrx_word' id='word_1_166' title='bbox 315 3031 349 3090; x_wconf 89' lang='lat' dir='ltr'>et</span> <span class='ocrx_word' id='word_1_167' title='bbox 371 3045 445 3090; x_wconf 87' lang='lat' dir='ltr'>cum</span> <span class='ocrx_word' id='word_1_168' title='bbox 468 3023 581 3088; x_wconf 88' lang='lat' dir='ltr'>debita</span> <span class='ocrx_word' id='word_1_169' title='bbox 602 3021 855 3098; x_wconf 68' lang='lat' dir='ltr'>*sollemnitate</span> <span class='ocrx_word' id='word_1_170' title='bbox 878 3018 1015 3084; x_wconf 80' lang='lat' dir='ltr'>accessit</span> <span class='ocrx_word' id='word_1_171' title='bbox 1036 3041 1114 3084; x_wconf 87' lang='lat' dir='ltr'>mox</span> <span class='ocrx_word' id='word_1_172' title='bbox 1136 3021 1299 3106; x_wconf 89' lang='lat' dir='ltr'>posterius</span> <span class='ocrx_word' id='word_1_173' title='bbox 1321 3021 1363 3086; x_wconf 87' lang='lat' dir='ltr'>ad</span> 
     </span>
     <span class='ocr_line' id='line_1_22' title="bbox 315 3121 1362 3213; baseline -0.004 -21"><span class='ocrx_word' id='word_1_174' title='bbox 315 3127 516 3213; x_wconf 84' lang='lat' dir='ltr'>Capitulum,</span> <span class='ocrx_word' id='word_1_175' title='bbox 525 3125 645 3213; x_wconf 88' lang='lat' dir='ltr'>ibique,</span> <span class='ocrx_word' id='word_1_176' title='bbox 655 3128 730 3212; x_wconf 90' lang='lat' dir='ltr'>post</span> <span class='ocrx_word' id='word_1_177' title='bbox 745 3121 966 3188; x_wconf 86' lang='lat' dir='ltr'>obedientiam</span> <span class='ocrx_word' id='word_1_178' title='bbox 981 3126 1145 3206; x_wconf 86' lang='lat' dir='ltr'>receptam</span> <span class='ocrx_word' id='word_1_179' title='bbox 1160 3144 1181 3186; x_wconf 89' lang='lat' dir='ltr'>a</span> <span class='ocrx_word' id='word_1_180' title='bbox 1196 3121 1362 3202; x_wconf 87' lang='lat' dir='ltr'>fratribus,</span> 
     </span>
     <span class='ocr_line' id='line_1_23' title="bbox 314 3221 1325 3310; baseline -0.005 -15"><span class='ocrx_word' id='word_1_181' title='bbox 314 3229 474 3295; x_wconf 88' lang='lat' dir='ltr'>allocutus</span> <span class='ocrx_word' id='word_1_182' title='bbox 497 3233 548 3294; x_wconf 89' lang='lat' dir='ltr'>est</span> <span class='ocrx_word' id='word_1_183' title='bbox 569 3249 624 3294; x_wconf 90' lang='lat' dir='ltr'>eos</span> <span class='ocrx_word' id='word_1_184' title='bbox 646 3248 757 3292; x_wconf 87' lang='lat' dir='ltr'>omnes</span> <span class='ocrx_word' id='word_1_185' title='bbox 778 3223 926 3290; x_wconf 85' lang='lat' dir='ltr'>breviter</span> <span class='ocrx_word' id='word_1_186' title='bbox 948 3244 1005 3310; x_wconf 89' lang='lat' dir='ltr'>per</span> <span class='ocrx_word' id='word_1_187' title='bbox 1027 3221 1114 3288; x_wconf 89' lang='lat' dir='ltr'>hunc</span> <span class='ocrx_word' id='word_1_188' title='bbox 1137 3225 1325 3291; x_wconf 83' lang='lat' dir='ltr'>modum.-</span> 
     </span>
    </p>

    <p class='ocr_par' dir='ltr' id='par_1_10' title="bbox 316 3323 1522 3721">
     <span class='ocr_line' id='line_1_24' title="bbox 361 3323 1488 3414; baseline -0.006 -16"><span class='ocrx_word' id='word_1_189' title='bbox 361 3331 554 3410; x_wconf 77' lang='lat' dir='ltr'>“⁵Fratres,</span> <span class='ocrx_word' id='word_1_190' title='bbox 585 3329 771 3406; x_wconf 85' lang='lat' dir='ltr'>confratres,</span> <span class='ocrx_word' id='word_1_191' title='bbox 802 3331 837 3391; x_wconf 90' lang='lat' dir='ltr'>et</span> <span class='ocrx_word' id='word_1_192' title='bbox 866 3323 1199 3392; x_wconf 83' lang='lat' dir='ltr'>consocii-Gratias</span> <span class='ocrx_word' id='word_1_193' title='bbox 1225 3329 1362 3414; x_wconf 87' lang='lat' dir='ltr'>agimus,</span> <span class='ocrx_word' id='word_1_194' title='bbox 1375 3331 1488 3383; x_wconf 76' lang='lat' dir='ltr'>Addreu</span> 
     </span>
     <span class='ocr_line' id='line_1_25' title="bbox 316 3400 1516 3521; baseline -0.003 -21"><span class='ocrx_word' id='word_1_195' title='bbox 316 3444 336 3471; x_wconf 87' lang='lat'><strong>“</strong></span> <span class='ocrx_word' id='word_1_196' title='bbox 358 3455 432 3501; x_wconf 89' lang='lat' dir='ltr'>cum</span> <span class='ocrx_word' id='word_1_197' title='bbox 463 3432 622 3521; x_wconf 85' lang='lat' dir='ltr'>Apostolo</span> <span class='ocrx_word' id='word_1_198' title='bbox 646 3429 780 3507; x_wconf 65' lang='lat' dir='ltr'>“Paulo</span> <span class='ocrx_word' id='word_1_199' title='bbox 812 3427 955 3492; x_wconf 93' lang='lat' dir='ltr'>Domino</span> <span class='ocrx_word' id='word_1_200' title='bbox 987 3430 1099 3493; x_wconf 85' lang='lat' dir='ltr'>nostro</span> <span class='ocrx_word' id='word_1_201' title='bbox 1123 3428 1200 3494; x_wconf 92' lang='lat' dir='ltr'>Iesu</span> <span class='ocrx_word' id='word_1_202' title='bbox 1223 3429 1362 3509; x_wconf 77' lang='lat' dir='ltr'>Christo,</span> <span class='ocrx_word' id='word_1_203' title='bbox 1374 3400 1516 3516; x_wconf 53' lang='lat' dir='ltr'>ffiffiot</span> 
     </span>
     <span class='ocr_line' id='line_1_26' title="bbox 316 3528 1522 3623; baseline -0.002 -22"><span class='ocrx_word' id='word_1_204' title='bbox 316 3537 479 3623; x_wconf 88' lang='lat' dir='ltr'>“gratias</span> <span class='ocrx_word' id='word_1_205' title='bbox 510 3535 638 3623; x_wconf 83' lang='lat' dir='ltr'>agimus</span> <span class='ocrx_word' id='word_1_206' title='bbox 670 3531 770 3597; x_wconf 88' lang='lat' dir='ltr'>etiam</span> <span class='ocrx_word' id='word_1_207' title='bbox 805 3535 840 3594; x_wconf 92' lang='lat' dir='ltr'>et</span> <span class='ocrx_word' id='word_1_208' title='bbox 871 3528 1023 3594; x_wconf 88' lang='lat' dir='ltr'>omnibus</span> <span class='ocrx_word' id='word_1_209' title='bbox 1055 3530 1159 3609; x_wconf 88' lang='lat' dir='ltr'>vobis,</span> <span class='ocrx_word' id='word_1_210' title='bbox 1182 3533 1261 3618; x_wconf 90' lang='lat' dir='ltr'>quia</span> <span class='ocrx_word' id='word_1_211' title='bbox 1292 3537 1361 3598; x_wconf 89' lang='lat' dir='ltr'>tam</span> <span class='ocrx_word' id='word_1_212' title='bbox 1374 3532 1522 3609; x_wconf 61' lang='lat' dir='ltr'>orruisse-</span> 
     </span>
     <span class='ocr_line' id='line_1_27' title="bbox 317 3613 1466 3721; baseline -0.006 -15"><span class='ocrx_word' id='word_1_213' title='bbox 317 3639 562 3705; x_wconf 86' lang='lat' dir='ltr'>“concorditer</span> <span class='ocrx_word' id='word_1_214' title='bbox 595 3641 630 3702; x_wconf 86' lang='lat' dir='ltr'>et</span> <span class='ocrx_word' id='word_1_215' title='bbox 659 3633 798 3699; x_wconf 89' lang='lat' dir='ltr'>univoce</span> <span class='ocrx_word' id='word_1_216' title='bbox 829 3629 842 3672; x_wconf 85' lang='lat'>⁷</span> <span class='ocrx_word' id='word_1_217' title='bbox 854 3629 1056 3718; x_wconf 88' lang='lat' dir='ltr'>processistis</span> <span class='ocrx_word' id='word_1_218' title='bbox 1090 3632 1126 3698; x_wconf 90' lang='lat' dir='ltr'>in</span> <span class='ocrx_word' id='word_1_219' title='bbox 1154 3633 1224 3717; x_wconf 89' lang='lat' dir='ltr'>jam</span> <span class='ocrx_word' id='word_1_220' title='bbox 1258 3613 1466 3721; x_wconf 69' lang='lat' dir='ltr'>nnper⁰⁸⁵¹⁰¹¹&#39;</span> 
     </span>
    </p>

    <p class='ocr_par' dir='ltr' id='par_1_11' title="bbox 315 3725 1431 4224">
     <span class='ocr_line' id='line_1_28' title="bbox 316 3725 1431 3822; baseline -0.006 -14"><span class='ocrx_word' id='word_1_221' title='bbox 316 3749 333 3778; x_wconf 89' lang='lat'><strong>“</strong></span> <span class='ocrx_word' id='word_1_222' title='bbox 356 3741 527 3808; x_wconf 72' lang='lat' dir='ltr'>celebrata</span> <span class='ocrx_word' id='word_1_223' title='bbox 548 3745 668 3806; x_wconf 82' lang='lat' dir='ltr'>vestrae</span> <span class='ocrx_word' id='word_1_224' title='bbox 690 3735 822 3822; x_wconf 88' lang='lat' dir='ltr'>negotio</span> <span class='ocrx_word' id='word_1_225' title='bbox 853 3733 1027 3799; x_wconf 91' lang='lat' dir='ltr'>electionis.</span> <span class='ocrx_word' id='word_1_226' title='bbox 1075 3733 1271 3822; x_wconf 81' lang='lat' dir='ltr'>Quanquam</span> <span class='ocrx_word' id='word_1_227' title='bbox 1295 3741 1363 3801; x_wconf 87' lang='lat' dir='ltr'>ete-</span> <span class='ocrx_word' id='word_1_228' title='bbox 1428 3725 1431 3734; x_wconf 53' lang='lat'><strong>¹</strong></span> 
     </span>
     <span class='ocr_line' id='line_1_29' title="bbox 316 3834 1362 3931; baseline -0.008 -20"><span class='ocrx_word' id='word_1_229' title='bbox 316 3853 334 3880; x_wconf 90' lang='lat'><strong>“</strong></span> <span class='ocrx_word' id='word_1_230' title='bbox 356 3846 424 3910; x_wconf 90' lang='lat' dir='ltr'>nim</span> <span class='ocrx_word' id='word_1_231' title='bbox 448 3866 507 3931; x_wconf 86' lang='lat' dir='ltr'>per</span> <span class='ocrx_word' id='word_1_232' title='bbox 520 3843 557 3908; x_wconf 92' lang='lat' dir='ltr'>id</span> <span class='ocrx_word' id='word_1_233' title='bbox 573 3841 696 3908; x_wconf 82' lang='lat' dir='ltr'>factum</span> <span class='ocrx_word' id='word_1_234' title='bbox 718 3835 887 3902; x_wconf 85' lang='lat' dir='ltr'>erexeritis</span> <span class='ocrx_word' id='word_1_235' title='bbox 911 3834 1005 3900; x_wconf 88' lang='lat' dir='ltr'>vobis</span> <span class='ocrx_word' id='word_1_236' title='bbox 1020 3837 1193 3922; x_wconf 88' lang='lat' dir='ltr'>quemdam</span> <span class='ocrx_word' id='word_1_237' title='bbox 1208 3844 1362 3904; x_wconf 88' lang='lat' dir='ltr'>truncum</span> 
     </span>
     <span class='ocr_line' id='line_1_30' title="bbox 315 3937 1363 4027; baseline -0.009 -14"><span class='ocrx_word' id='word_1_238' title='bbox 315 3956 333 3982; x_wconf 92' lang='lat'><em>“</em></span> <span class='ocrx_word' id='word_1_239' title='bbox 355 3947 516 4027; x_wconf 89' lang='lat' dir='ltr'>inutilem,</span> <span class='ocrx_word' id='word_1_240' title='bbox 532 3945 602 4012; x_wconf 84' lang='lat' dir='ltr'>sive</span> <span class='ocrx_word' id='word_1_241' title='bbox 624 3943 763 4009; x_wconf 87' lang='lat' dir='ltr'>alterum</span> <span class='ocrx_word' id='word_1_242' title='bbox 786 3959 898 4004; x_wconf 86' lang='lat' dir='ltr'>canem</span> <span class='ocrx_word' id='word_1_243' title='bbox 921 3941 1060 4016; x_wconf 90' lang='lat' dir='ltr'>mutum,</span> <span class='ocrx_word' id='word_1_244' title='bbox 1084 3944 1198 4004; x_wconf 87' lang='lat' dir='ltr'>contra</span> <span class='ocrx_word' id='word_1_245' title='bbox 1220 3937 1363 4005; x_wconf 85' lang='lat' dir='ltr'>⁸vitulos</span> 
     </span>
     <span class='ocr_line' id='line_1_31' title="bbox 316 4040 1363 4128; baseline -0.009 -13"><span class='ocrx_word' id='word_1_246' title='bbox 316 4059 335 4086; x_wconf 92' lang='lat'><strong>“</strong></span> <span class='ocrx_word' id='word_1_247' title='bbox 358 4049 483 4127; x_wconf 87' lang='lat' dir='ltr'>Bethel,</span> <span class='ocrx_word' id='word_1_248' title='bbox 504 4048 647 4114; x_wconf 87' lang='lat' dir='ltr'>bovesvc</span> <span class='ocrx_word' id='word_1_249' title='bbox 669 4041 836 4119; x_wconf 86' lang='lat' dir='ltr'>Samariae,</span> <span class='ocrx_word' id='word_1_250' title='bbox 859 4040 979 4104; x_wconf 88' lang='lat' dir='ltr'>latrare</span> <span class='ocrx_word' id='word_1_251' title='bbox 1011 4061 1078 4106; x_wconf 93' lang='lat' dir='ltr'>non</span> <span class='ocrx_word' id='word_1_252' title='bbox 1107 4042 1282 4120; x_wconf 82' lang='lat' dir='ltr'>valentem,</span> <span class='ocrx_word' id='word_1_253' title='bbox 1305 4064 1363 4128; x_wconf 91' lang='lat' dir='ltr'>per</span> 
     </span>
     <span class='ocr_line' id='line_1_32' title="bbox 317 4141 1363 4224; baseline -0.008 -7"><span class='ocrx_word' id='word_1_254' title='bbox 317 4160 335 4186; x_wconf 90' lang='lat'>“</span> <span class='ocrx_word' id='word_1_255' title='bbox 356 4151 444 4217; x_wconf 89' lang='lat' dir='ltr'>hunc</span> <span class='ocrx_word' id='word_1_256' title='bbox 458 4157 571 4216; x_wconf 86' lang='lat' dir='ltr'>tamen</span> <span class='ocrx_word' id='word_1_257' title='bbox 593 4151 741 4214; x_wconf 88' lang='lat' dir='ltr'>vestrum</span> <span class='ocrx_word' id='word_1_258' title='bbox 764 4142 896 4209; x_wconf 90' lang='lat' dir='ltr'>modum</span> <span class='ocrx_word' id='word_1_259' title='bbox 919 4141 1070 4224; x_wconf 84' lang='lat' dir='ltr'>faciendi,</span> <span class='ocrx_word' id='word_1_260' title='bbox 1086 4143 1214 4208; x_wconf 90' lang='lat' dir='ltr'>dabatis</span> <span class='ocrx_word' id='word_1_261' title='bbox 1236 4145 1363 4210; x_wconf 87' lang='lat' dir='ltr'>cunctis</span> 
     </span>
    </p>
   </div>
   <div class='ocr_carea' id='block_1_3' title="bbox 318 4244 1361 4340">
    <p class='ocr_par' dir='ltr' id='par_1_12' title="bbox 318 4244 1361 4340">
     <span class='ocr_line' id='line_1_33' title="bbox 318 4244 1361 4340; baseline -0.004 -24"><span class='ocrx_word' id='word_1_262' title='bbox 318 4259 336 4289; x_wconf 90' lang='lat'><strong><em>“</em></strong></span> <span class='ocrx_word' id='word_1_263' title='bbox 359 4253 468 4340; x_wconf 89' lang='lat' dir='ltr'>palam</span> <span class='ocrx_word' id='word_1_264' title='bbox 493 4251 685 4338; x_wconf 90' lang='lat' dir='ltr'>intelligere,</span> <span class='ocrx_word' id='word_1_265' title='bbox 716 4244 879 4334; x_wconf 90' lang='lat' dir='ltr'>quomodo</span> <span class='ocrx_word' id='word_1_266' title='bbox 911 4248 1032 4310; x_wconf 84' lang='lat' dir='ltr'>vestrae</span> <span class='ocrx_word' id='word_1_267' title='bbox 1069 4245 1135 4311; x_wconf 87' lang='lat' dir='ltr'>fuit</span> <span class='ocrx_word' id='word_1_268' title='bbox 1169 4246 1361 4326; x_wconf 90' lang='lat' dir='ltr'>voluntatis,</span> 
     </span>
    </p>
   </div>
   <div class='ocr_carea' id='block_1_4' title="bbox 378 4409 868 4431">
    <p class='ocr_par' dir='ltr' id='par_1_13' title="bbox 378 4409 868 4431">
     <span class='ocr_line' id='line_1_34' title="bbox 378 4409 868 4431; baseline -0.024 -3"><span class='ocrx_word' id='word_1_269' title='bbox 378 4425 403 4431; x_wconf 84' lang='grc'>,-</span> <span class='ocrx_word' id='word_1_270' title='bbox 442 4423 447 4428; x_wconf 84' lang='grc'><em>.</em></span> <span class='ocrx_word' id='word_1_271' title='bbox 458 4409 868 4426; x_wconf 81' lang='lat'><em>..-.--·.—--....-..—-—</em></span> 
     </span>
    </p>
   </div>
   <div class='ocr_carea' id='block_1_5' title="bbox 349 4501 1363 4892">
    <p class='ocr_par' dir='ltr' id='par_1_14' title="bbox 351 4501 1363 4650">
     <span class='ocr_line' id='line_1_35' title="bbox 351 4501 1363 4572; baseline 0.008 -19"><span class='ocrx_word' id='word_1_272' title='bbox 351 4501 586 4569; x_wconf 74' lang='lat' dir='ltr'>¹qm&#39;aymoinMS.</span> <span class='ocrx_word' id='word_1_273' title='bbox 863 4505 954 4556; x_wconf 84' lang='lat' dir='ltr'>tended</span> <span class='ocrx_word' id='word_1_274' title='bbox 971 4513 998 4556; x_wconf 87' lang='lat' dir='ltr'>tc</span> <span class='ocrx_word' id='word_1_275' title='bbox 1015 4507 1046 4555; x_wconf 85' lang='lat' dir='ltr'>be</span> <span class='ocrx_word' id='word_1_276' title='bbox 1063 4505 1178 4572; x_wconf 86' lang='lat' dir='ltr'>supplied</span> <span class='ocrx_word' id='word_1_277' title='bbox 1194 4508 1221 4558; x_wconf 90' lang='lat' dir='ltr'>in</span> <span class='ocrx_word' id='word_1_278' title='bbox 1238 4507 1363 4561; x_wconf 83' lang='lat' dir='ltr'>illumina-</span> 
     </span>
     <span class='ocr_line' id='line_1_36' title="bbox 351 4582 924 4650; baseline -0.002 -15"><span class='ocrx_word' id='word_1_279' title='bbox 351 4583 551 4650; x_wconf 70' lang='lat' dir='ltr'>’mllmpuiain</span> <span class='ocrx_word' id='word_1_280' title='bbox 562 4582 620 4634; x_wconf 74' lang='grc' dir='ltr'>ΜΒ.</span> <span class='ocrx_word' id='word_1_281' title='bbox 864 4583 924 4634; x_wconf 90' lang='lat' dir='ltr'>tion.</span> 
     </span>
    </p>

    <p class='ocr_par' dir='ltr' id='par_1_15' title="bbox 349 4661 1330 4809">
     <span class='ocr_line' id='line_1_37' title="bbox 349 4661 1330 4729; baseline 0.003 -14"><span class='ocrx_word' id='word_1_282' title='bbox 349 4662 669 4729; x_wconf 74' lang='lat' dir='ltr'>&#39;Auingularsntithesis</span> <span class='ocrx_word' id='word_1_283' title='bbox 898 4661 952 4713; x_wconf 68' lang='lat' dir='ltr'>‘Iu</span> <span class='ocrx_word' id='word_1_284' title='bbox 963 4663 1070 4714; x_wconf 75' lang='lat' dir='ltr'>allusion</span> <span class='ocrx_word' id='word_1_285' title='bbox 1082 4671 1136 4715; x_wconf 80' lang='lat' dir='ltr'>to2</span> <span class='ocrx_word' id='word_1_286' title='bbox 1153 4665 1237 4718; x_wconf 76' lang='lat' dir='ltr'>Tterr.</span> <span class='ocrx_word' id='word_1_287' title='bbox 1249 4667 1277 4718; x_wconf 89' lang='lat' dir='ltr'>ii.</span> <span class='ocrx_word' id='word_1_288' title='bbox 1293 4673 1330 4719; x_wconf 82' lang='lat'>13.</span> 
     </span>
     <span class='ocr_line' id='line_1_38' title="bbox 351 4740 1176 4809; baseline 0.006 -17"><span class='ocrx_word' id='word_1_289' title='bbox 351 4745 362 4775; x_wconf 90' lang='lat'><strong>⁴</strong></span> <span class='ocrx_word' id='word_1_290' title='bbox 372 4742 543 4809; x_wconf 74' lang='lat' dir='ltr'>sollempnitate</span> <span class='ocrx_word' id='word_1_291' title='bbox 555 4741 581 4794; x_wconf 92' lang='lat' dir='ltr'>in</span> <span class='ocrx_word' id='word_1_292' title='bbox 592 4743 649 4794; x_wconf 82' lang='lat' dir='ltr'>MS.</span> <span class='ocrx_word' id='word_1_293' title='bbox 897 4740 908 4778; x_wconf 82' lang='lat'>⁷</span> <span class='ocrx_word' id='word_1_294' title='bbox 916 4743 1070 4807; x_wconf 73' lang='lat' dir='ltr'>processistis</span> <span class='ocrx_word' id='word_1_295' title='bbox 1081 4743 1110 4794; x_wconf 92' lang='lat' dir='ltr'>in</span> <span class='ocrx_word' id='word_1_296' title='bbox 1119 4745 1176 4797; x_wconf 89' lang='lat' dir='ltr'>MS.</span> 
     </span>
    </p>

    <p class='ocr_par' dir='ltr' id='par_1_16' title="bbox 351 4820 1344 4892">
     <span class='ocr_line' id='line_1_39' title="bbox 351 4820 1344 4892; baseline 0.004 -18"><span class='ocrx_word' id='word_1_297' title='bbox 351 4825 361 4853; x_wconf 82' lang='lat'><strong>³</strong></span> <span class='ocrx_word' id='word_1_298' title='bbox 373 4823 427 4876; x_wconf 83' lang='lat' dir='ltr'>The</span> <span class='ocrx_word' id='word_1_299' title='bbox 446 4822 526 4874; x_wconf 84' lang='lat' dir='ltr'>initiat</span> <span class='ocrx_word' id='word_1_300' title='bbox 547 4823 621 4873; x_wconf 82' lang='lat' dir='ltr'>letter</span> <span class='ocrx_word' id='word_1_301' title='bbox 638 4821 756 4883; x_wconf 84' lang='lat' dir='ltr'>omittcd;</span> <span class='ocrx_word' id='word_1_302' title='bbox 783 4820 820 4870; x_wconf 89' lang='lat' dir='ltr'>in·</span> <span class='ocrx_word' id='word_1_303' title='bbox 899 4820 954 4872; x_wconf 81' lang='lat' dir='ltr'>⁸In</span> <span class='ocrx_word' id='word_1_304' title='bbox 965 4821 1073 4874; x_wconf 73' lang='lat' dir='ltr'>allusion</span> <span class='ocrx_word' id='word_1_305' title='bbox 1085 4831 1111 4876; x_wconf 89' lang='lat' dir='ltr'>to</span> <span class='ocrx_word' id='word_1_306' title='bbox 1125 4829 1136 4876; x_wconf 91' lang='lat' dir='ltr'>l</span> <span class='ocrx_word' id='word_1_307' title='bbox 1150 4824 1233 4892; x_wconf 77' lang='lat' dir='ltr'>Kinpr</span> <span class='ocrx_word' id='word_1_308' title='bbox 1244 4825 1291 4878; x_wconf 83' lang='lat' dir='ltr'>xii.</span> <span class='ocrx_word' id='word_1_309' title='bbox 1303 4832 1344 4880; x_wconf 78' lang='lat'>29.</span> 
     </span>
    </p>
   </div>
   <div class='ocr_carea' id='block_1_6' title="bbox 0 0 1821 5838">
    <p class='ocr_par' dir='ltr' id='par_1_17' title="bbox 0 0 1821 5838">
     <span class='ocr_line' id='line_1_40' title="bbox 0 0 1821 5838; baseline 0 0"><span class='ocrx_word' id='word_1_310' title='bbox 0 0 1821 5838; x_wconf 95' lang='lat' dir='ltr'> </span> 
     </span>
    </p>
   </div>
  </div>
 </body>
</html>
