3588 5838
459 851 503 924 70
733 912 737 926 ,
793 864 991 918 unumunurn
1013 861 1173 922 mamre

290 1069 375 1124 Tm
404 1080 409 1089 ·
508 1052 736 1132 “²Henrieus,
757 1053 823 1120 Dei
844 1051 961 1142 gratia,
985 1051 1059 1123 Rex
1080 1051 1270 1140 Anguem
1291 1049 1449 1132 mmsis
1470 1053 1507 1122 et
1570 1135 1574 1143 Ι

293 1133 398 1256 {mi
464 1163 482 1194 ,
504 1157 667 1227 nomina
700 1156 881 1238 meane,
912 1155 1128 1226 metuero
1159 1160 1194 1222 a
1224 1155 1409 1225 namneus
1437 1152 1506 1223 sues

294 1217 398 1322 rim.y
462 1266 482 1298 “
502 1259 544 1332 de
566 1259 740 1340 Smeoamo,
763 1259 913 1332 mittem.
958 1257 1043 1346 Cum
1073 1257 1330 1332 decimo-ostano
1355 1255 1410 1328 die
1438 1254 1505 1326 De-

462 1369 479 1399 “
500 1361 648 1441 cembris,
672 1382 760 1431 auno
788 1361 885 1450 regui
913 1361 1019 1430 nostri
1047 1359 1203 1428 vicesimo
1229 1361 1355 1446 quinto,
1378 1379 1437 1446 pro
1465 1379 1505 1429 eo

460 1469 479 1500 “
501 1464 592 1552 quod
610 1465 774 1540 nonnulle
788 1463 910 1551 jooalia
931 1466 966 1530 et
986 1467 1180 1534 ornamenta
1194 1462 1388 1534 dilectorum
1410 1461 1506 1528 nobis

459 1573 478 1602 “
498 1566 642 1637 Abbatis
682 1571 717 1642 st
755 1565 953 1640 Conventus,
989 1565 1153 1646 Eoolesise,
1191 1566 1262 1634 sive
1301 1562 1505 1642 monaterii,

461 1677 478 1705 “
500 1669 616 1738 Sancti
637 1668 770 1755 Albani,
786 1691 862 1756 quse
879 1689 997 1756 nuper,
1010 1689 1071 1758 per
1089 1669 1271 1756 ,quamdam
1291 1666 1505 1736 indenturam

458 1783 477 1832 ἐ
497 1775 577 1843 inde
598 1775 687 1846 inter
708 1794 770 1846 eos.
785 1779 820 1841 et
842 1773 1068 1853 Humiridum,
1081 1796 1188 1862 nuper
1210 1774 1336 1842 Duoem
1351 1773 1505 1842 Glouees·

461 1883 478 1914 “
500 1877 800 1961 t1iae,eonfeetam,
829 1876 922 1963 ossius
953 1876 1093 1946 alteram
1123 1881 1264 1964 partem,
1284 1875 1392 1964 sigillo
1421 1897 1505 1966 prm·

459 1988 480 2018 “
500 1980 583 2047 dieti
603 2001 711 2066 nuper
725 1979 830 2054 Ducis
844 1979 1020 2067 signatam,
1032 1984 1069 2046 et
1082 1979 1250 2048 ariadne
1263 1979 1505 2068 enneangnineo

460 2091 477 2121 “
501 2087 624 2164 nostro,
638 2081 806 2153 willelmo
821 2081 915 2154 ,Duci
934 2081 1132 2164 Suffolohise,
1148 2105 1193 2150 ,ae
1214 2082 1395 2152 venerabili
1417 2080 1506 2169 patri

459 2193 477 2222 “
499 2183 674 2263 willelmo,
693 2183 862 2272 Episcopo
891 2183 1136 2270 Wyntoniensi,
1162 2207 1268 2273 nuper
1296 2185 1334 2250 in
1363 2183 1504 2270 quodam

459 2295 476 2324 “
498 2289 653 2368 treetatu,
669 2307 728 2373 per
741 2287 934 2356 mandatum
952 2291 1112 2369 nostrum,
1127 2309 1170 2354 ex
1184 2291 1279 2374 parte
1292 2291 1416 2364 nostru,
1429 2307 1504 2354 enm

458 2395 477 2426 “
498 2388 623 2456 eisdem
643 2388 778 2456 Abbate
799 2395 840 2462 ot¹
856 2388 1032 2458 conventu
1059 2411 1120 2478 pro
1145 2390 1309 2476 jocalibus
1338 2389 1504 2476 praedietis

459 2499 478 2527 “
498 2491 623 2570 habito,
646 2495 820 2574 ostensam,
842 2491 1056 2579 inspeximus,
1079 2491 1219 2564 liberata
1239 2492 1375 2560 fuerunt
1397 2491 1505 2560 eidem
1654 2492 1658 2504 ’

459 2600 478 2628 “
500 2592 586 2663 Duei
608 2592 830 2671 Glouoeetriae,
842 2593 888 2672 nd
909 2615 992 2682 opus
1013 2596 1189 2662 eorundem
1203 2593 1347 2664 Abbatis
1367 2597 1403 2661 et
1418 2592 1504 2661 Gon·

405 2759 409 2770 ‚
460 2700 479 2730 ⁴‘
500 2699 625 2771 sentus
653 2695 745 2765 selvo
777 2695 1001 2776 mstodiende,
1026 2702 1127 2782 prout
1156 2696 1254 2764 nobis
1287 2700 1419 2766 oomtat
1447 2717 1505 2784 per

459 2804 476 2834 “
498 2797 710 2865 indenturam
739 2797 841 2876 illurn,
860 2804 946 2885 ¹pest
967 2803 1108 2870 mortem
1129 2798 1235 2886 ipsius
1263 2819 1370 2886 nuper
1394 2800 1504 2880 Ducis,

460 2905 478 2936 “
500 2922 559 2990 per
580 2901 818 2969 ooneessionem
840 2906 998 2980 nostran,
1013 2901 1057 2968 ad
1080 2900 1229 2988 Collegit
1249 2906 1363 2969 noema
1383 2902 1505 2990 regalia

460 3001 540 3069 “de
570 3001 662 3073 aeon
690 3007 725 3071 et
755 3003 992 3092 Oantebriggia
1014 3002 1233 3083 devenissent,
1256 3003 1389 3082 ibidem,
1403 3005 1505 3091 juxte

459 3110 477 3141 “
500 3104 745 3176 ordinationem
766 3110 924 3187 nostram,
946 3105 1004 3175 ²in
1025 3110 1222 3194 perpetuum
1242 3127 1505 3194 pemansuraa-

460 3213 479 3244 “
501 3205 537 3272 N
539 3229 584 3284 os,
621 3206 768 3296 prmiatis
800 3207 928 3276 Abbati
959 3213 996 3274 et
1028 3207 1218 3277 conventui
1249 3209 1505 3278 satisfactionem

461 3317 478 3344 “
499 3307 579 3375 inde
594 3309 793 3396 eondignam
806 3308 913 3377 faeere
929 3311 1089 3391 volentes,
1103 3311 1145 3378 de
1166 3312 1275 3400 gratia
1299 3317 1414 3380 nostre
1432 3335 1504 3401 spe-

460 3417 479 3448 “
500 3410 584 3490 eidi,
607 3416 642 3478 et
665 3411 707 3478 de
728 3411 934 3481 avisamento
960 3413 1100 3480 Consilii
1119 3415 1236 3493 nostri,
1257 3415 1302 3481 ed
1321 3415 1454 3482 leudem
1470 3421 1506 3482 et

460 3518 477 3548 “
499 3513 655 3578 honorem
677 3512 750 3593 Dei,
766 3514 1042 3604 Beataervirginis
1060 3516 1183 3596 Meda,
1204 3539 1247 3584 ao¹
1266 3517 1310 3584 ob
1332 3519 1504 3606 speria-lem

460 3621 478 3652 “
501 3613 711 3684 devotionem
725 3637 826 3702 quam
842 3617 887 3686 ed
901 3617 1028 3686 dietum
1044 3617 1204 3686 Senotm
1217 3618 1397 3699 Albanum,
1411 3622 1505 3710 regni

459 3724 479 3753 “
501 3715 607 3784 nostri
621 3717 753 3805 Anglim
775 3715 1088 3806 ³Protomartyrem,
1110 3722 1255 3809 gerimus
1276 3727 1311 3788 et
1336 3723 1504 3806 habemus,

460 3825 479 3857 “
500 3839 629 3888 neonon
650 3820 689 3887 in
708 3819 1050 3908 reeompensationem'
1069 3828 1105 3890 et
1133 3825 1391 3893 mtisfnetionem
1413 3827 1506 3914 joua-

460 3928 480 3960 “
502 3922 585 3990 lium
607 3928 643 3989 et
664 3928 931 3990 ornamentorum
945 3925 1188 4012 praediotorum,
1203 3928 1245 3994 de
1259 3929 1370 4015 gratia
1390 3935 1506 3997 noema

459 4034 479 4062 “
500 4024 669 4114 praedicta,
691 4033 727 4092 et
756 4027 798 4093 de
821 4027 1026 4096 avisamento
1050 4027 1192 4096 Goneilii
1212 4032 1319 4097 nostri
1344 4032 1504 4120 praedicti,

462 4135 480 4166 “
501 4128 727 4208 eonoessimus,
742 4149 801 4216 pro
822 4131 918 4198 nobis
940 4135 976 4197 et
997 4131 1182 4198 heredibus
1198 4134 1328 4212 nostris,
1341 4140 1504 4221 qnantum

462 4239 479 4268 “
500 4231 538 4298 in
559 4228 655 4298 nobis
677 4235 739 4310 est,
761 4231 884 4300 eisdem
905 4232 1032 4302 Abbati
1054 4238 1089 4310 et
1111 4233 1308 4316 Conventui,
1322 4241 1359 4304 et
1380 4259 1504 4306 mooss-

461 4341 481 4370 “
503 4333 631 4402 sonibus
652 4335 730 4415 suis,
746 4335 834 4422 quod
855 4335 920 4424 ipsi
941 4336 985 4404 ad
999 4337 1181 4424 quamlibet
1198 4339 1447 4424 eonoessionem,
1462 4341 1504 4408 de

492 4648 566 4700 ¹rs0
585 4650 640 4700 aa
655 4649 730 4701 reae
747 4647 870 4711 moes,
887 4655 914 4701 e
929 4649 962 4700 se
1036 4648 1335 4714 aremarensis.

460 4728 575 4795 suppose
586 4727 800 4782 mmmmm.
1034 4727 1306 4781 mammaeam
1317 4731 1374 4784 ms.
