<?xml version="1.0" encoding="UTF-8"?>
<!DOCTYPE html PUBLIC "-//W3C//DTD XHTML 1.0 Transitional//EN"
    "http://www.w3.org/TR/xhtml1/DTD/xhtml1-transitional.dtd">
<html xmlns="http://www.w3.org/1999/xhtml" xml:lang="en" lang="en">
 <head>
  <title>
</title>
<meta http-equiv="Content-Type" content="text/html;charset=utf-8" />
  <meta name='ocr-system' content='tesseract 3.04.00' />
  <meta name='ocr-capabilities' content='ocr_page ocr_carea ocr_par ocr_line ocrx_word'/>
</head>
<body>
  <div class='ocr_page' id='page_1' title='image "./registraquorund00wallgoog_0435.png"; bbox 0 0 3640 5842; ppageno 0'>
   <div class='ocr_carea' id='block_1_1' title="bbox 502 883 1372 958">
    <p class='ocr_par' dir='ltr' id='par_1_1' title="bbox 502 883 1372 958">
     <span class='ocr_line' id='line_1_1' title="bbox 502 883 1372 958; baseline 0.007 -7"><span class='ocrx_word' id='word_1_1' title='bbox 502 899 675 952; x_wconf 73' lang='lat' dir='ltr'>sonnmus</span> <span class='ocrx_word' id='word_1_2' title='bbox 698 898 982 950; x_wconf 69' lang='lat' dir='ltr'>mmmmm</span> <span class='ocrx_word' id='word_1_3' title='bbox 1003 900 1180 952; x_wconf 75' lang='lat' dir='ltr'>euoenon.</span> <span class='ocrx_word' id='word_1_4' title='bbox 1305 883 1372 958; x_wconf 84' lang='grc'>377</span> 
     </span>
    </p>
   </div>
   <div class='ocr_carea' id='block_1_2' title="bbox 321 1085 1541 2607">
    <p class='ocr_par' dir='ltr' id='par_1_2' title="bbox 321 1085 1541 2402">
     <span class='ocr_line' id='line_1_2' title="bbox 324 1085 1541 1174; baseline 0 -20"><span class='ocrx_word' id='word_1_5' title='bbox 324 1085 416 1167; x_wconf 86' lang='lat' dir='ltr'>ainis,</span> <span class='ocrx_word' id='word_1_6' title='bbox 442 1107 516 1154; x_wconf 89' lang='lat' dir='ltr'>oum</span> <span class='ocrx_word' id='word_1_7' title='bbox 547 1085 801 1174; x_wconf 80' lang='lat' dir='ltr'><strong>hominibusque</strong></span> <span class='ocrx_word' id='word_1_8' title='bbox 831 1108 1006 1168; x_wconf 85' lang='lat' dir='ltr'>armorum,</span> <span class='ocrx_word' id='word_1_9' title='bbox 1038 1109 1077 1154; x_wconf 88' lang='lat' dir='ltr'>aa</span> <span class='ocrx_word' id='word_1_10' title='bbox 1106 1086 1233 1157; x_wconf 75' lang='lat' dir='ltr'>familia</span> <span class='ocrx_word' id='word_1_11' title='bbox 1266 1087 1541 1154; x_wconf 68' lang='lat' dir='ltr'>mussan-1⁴⁶0.</span> 
     </span>
     <span class='ocr_line' id='line_1_3' title="bbox 325 1189 1374 1280; baseline 0.002 -26"><span class='ocrx_word' id='word_1_12' title='bbox 325 1189 444 1270; x_wconf 82' lang='lat' dir='ltr'>uimis3</span> <span class='ocrx_word' id='word_1_13' title='bbox 466 1189 717 1280; x_wconf 78' lang='lat' dir='ltr'>ingmdiensque</span> <span class='ocrx_word' id='word_1_14' title='bbox 748 1189 918 1256; x_wconf 68' lang='lat' dir='ltr'>Palatium</span> <span class='ocrx_word' id='word_1_15' title='bbox 940 1189 1072 1270; x_wconf 83' lang='lat' dir='ltr'><strong>ibidem,</strong></span> <span class='ocrx_word' id='word_1_16' title='bbox 1107 1190 1254 1278; x_wconf 85' lang='lat' dir='ltr'>perrexit</span> <span class='ocrx_word' id='word_1_17' title='bbox 1283 1195 1374 1256; x_wconf 87' lang='lat' dir='ltr'>recto</span> 
     </span>
     <span class='ocr_line' id='line_1_4' title="bbox 324 1289 1372 1380; baseline 0.002 -24"><span class='ocrx_word' id='word_1_18' title='bbox 324 1289 443 1358; x_wconf 77' lang='lat' dir='ltr'>itinere</span> <span class='ocrx_word' id='word_1_19' title='bbox 464 1313 523 1380; x_wconf 84' lang='lat' dir='ltr'>per</span> <span class='ocrx_word' id='word_1_20' title='bbox 544 1292 653 1357; x_wconf 88' lang='lat' dir='ltr'>aulam</span> <span class='ocrx_word' id='word_1_21' title='bbox 675 1291 842 1378; x_wconf 86' lang='lat' dir='ltr'>majorem,</span> <span class='ocrx_word' id='word_1_22' title='bbox 862 1313 1030 1380; x_wconf 76' lang='lat' dir='ltr'>quousque</span> <span class='ocrx_word' id='word_1_23' title='bbox 1051 1293 1179 1360; x_wconf 86' lang='lat' dir='ltr'>veniret</span> <span class='ocrx_word' id='word_1_24' title='bbox 1201 1293 1244 1358; x_wconf 87' lang='lat' dir='ltr'>ad</span> <span class='ocrx_word' id='word_1_25' title='bbox 1266 1314 1372 1358; x_wconf 86' lang='lat' dir='ltr'>oame-</span> 
     </span>
     <span class='ocr_line' id='line_1_5' title="bbox 324 1393 1371 1476; baseline 0.004 -19"><span class='ocrx_word' id='word_1_26' title='bbox 324 1415 395 1458; x_wconf 87' lang='lat' dir='ltr'>ram</span> <span class='ocrx_word' id='word_1_27' title='bbox 417 1393 511 1460; x_wconf 87' lang='lat' dir='ltr'>illam</span> <span class='ocrx_word' id='word_1_28' title='bbox 531 1394 718 1476; x_wconf 88' lang='lat' dir='ltr'>solemnem,</span> <span class='ocrx_word' id='word_1_29' title='bbox 733 1395 792 1460; x_wconf 89' lang='lat' dir='ltr'>ubi</span> <span class='ocrx_word' id='word_1_30' title='bbox 807 1394 891 1474; x_wconf 82' lang='lat' dir='ltr'>Rex,</span> <span class='ocrx_word' id='word_1_31' title='bbox 906 1415 981 1460; x_wconf 87' lang='lat' dir='ltr'>oum</span> <span class='ocrx_word' id='word_1_32' title='bbox 996 1394 1242 1474; x_wconf 83' lang='lat' dir='ltr'>Oommunibus,</span> <span class='ocrx_word' id='word_1_33' title='bbox 1258 1399 1371 1462; x_wconf 82' lang='lat' dir='ltr'>tenere</span> 
     </span>
     <span class='ocr_line' id='line_1_6' title="bbox 324 1495 1471 1586; baseline 0.002 -25"><span class='ocrx_word' id='word_1_34' title='bbox 324 1495 408 1562; x_wconf 82' lang='lat' dir='ltr'>solet</span> <span class='ocrx_word' id='word_1_35' title='bbox 430 1495 688 1562; x_wconf 80' lang='lat' dir='ltr'>Pauliamentum</span> <span class='ocrx_word' id='word_1_36' title='bbox 710 1518 815 1564; x_wconf 89' lang='lat' dir='ltr'>suum.</span> <span class='ocrx_word' id='word_1_37' title='bbox 861 1496 970 1562; x_wconf 88' lang='lat' dir='ltr'>¹Illuo</span> <span class='ocrx_word' id='word_1_38' title='bbox 992 1496 1109 1583; x_wconf 89' lang='lat' dir='ltr'>utique</span> <span class='ocrx_word' id='word_1_39' title='bbox 1138 1499 1283 1576; x_wconf 89' lang='lat' dir='ltr'>veniens,</span> <span class='ocrx_word' id='word_1_40' title='bbox 1297 1506 1471 1586; x_wconf 76' lang='lat' dir='ltr'>per-Byhis</span> 
     </span>
     <span class='ocr_line' id='line_1_7' title="bbox 324 1581 1531 1707; baseline 0.002 -43"><span class='ocrx_word' id='word_1_41' title='bbox 324 1597 411 1664; x_wconf 87' lang='lat' dir='ltr'>rexit</span> <span class='ocrx_word' id='word_1_42' title='bbox 444 1619 541 1686; x_wconf 84' lang='lat' dir='ltr'>passu</span> <span class='ocrx_word' id='word_1_43' title='bbox 574 1601 672 1676; x_wconf 88' lang='lat' dir='ltr'>reato,</span> <span class='ocrx_word' id='word_1_44' title='bbox 697 1619 864 1686; x_wconf 79' lang='lat' dir='ltr'>quousque</span> <span class='ocrx_word' id='word_1_45' title='bbox 889 1597 1017 1664; x_wconf 88' lang='lat' dir='ltr'>veniret</span> <span class='ocrx_word' id='word_1_46' title='bbox 1039 1598 1083 1665; x_wconf 87' lang='lat' dir='ltr'>ad</span> <span class='ocrx_word' id='word_1_47' title='bbox 1112 1597 1230 1666; x_wconf 87' lang='lat' dir='ltr'>solium</span> <span class='ocrx_word' id='word_1_48' title='bbox 1259 1581 1531 1707; x_wconf 55' lang='lat' dir='ltr'>Regisffl,</span> 
     </span>
     <span class='ocr_line' id='line_1_8' title="bbox 324 1699 1460 1789; baseline 0.009 -25"><span class='ocrx_word' id='word_1_49' title='bbox 324 1720 421 1786; x_wconf 87' lang='lat' dir='ltr'>super</span> <span class='ocrx_word' id='word_1_50' title='bbox 443 1699 534 1785; x_wconf 90' lang='lat' dir='ltr'>oujus</span> <span class='ocrx_word' id='word_1_51' title='bbox 553 1705 735 1781; x_wconf 85' lang='lat' dir='ltr'>aentonem,</span> <span class='ocrx_word' id='word_1_52' title='bbox 755 1700 826 1766; x_wconf 87' lang='lat' dir='ltr'>sive</span> <span class='ocrx_word' id='word_1_53' title='bbox 848 1701 1026 1780; x_wconf 79' lang='lat' dir='ltr'>culcitram,</span> <span class='ocrx_word' id='word_1_54' title='bbox 1042 1722 1177 1767; x_wconf 89' lang='lat' dir='ltr'>manum</span> <span class='ocrx_word' id='word_1_55' title='bbox 1199 1723 1292 1768; x_wconf 86' lang='lat' dir='ltr'>suam</span> <span class='ocrx_word' id='word_1_56' title='bbox 1312 1707 1460 1789; x_wconf 55' lang='lat' dir='ltr'>pomp!</span> 
     </span>
     <span class='ocr_line' id='line_1_9' title="bbox 323 1773 1536 1892; baseline 0.003 -26"><span class='ocrx_word' id='word_1_57' title='bbox 323 1822 414 1883; x_wconf 89' lang='lat' dir='ltr'>nens,</span> <span class='ocrx_word' id='word_1_58' title='bbox 435 1803 472 1868; x_wconf 92' lang='lat' dir='ltr'>in</span> <span class='ocrx_word' id='word_1_59' title='bbox 492 1823 530 1868; x_wconf 90' lang='lat' dir='ltr'>eo</span> <span class='ocrx_word' id='word_1_60' title='bbox 544 1803 632 1868; x_wconf 83' lang='lat' dir='ltr'>faoto</span> <span class='ocrx_word' id='word_1_61' title='bbox 655 1802 771 1868; x_wconf 88' lang='lat' dir='ltr'>similis</span> <span class='ocrx_word' id='word_1_62' title='bbox 793 1803 920 1869; x_wconf 89' lang='lat' dir='ltr'>homini</span> <span class='ocrx_word' id='word_1_63' title='bbox 942 1809 1114 1891; x_wconf 89' lang='lat' dir='ltr'>sumpturo</span> <span class='ocrx_word' id='word_1_64' title='bbox 1136 1805 1367 1892; x_wconf 85' lang='lat' dir='ltr'>possessionem</span> <span class='ocrx_word' id='word_1_65' title='bbox 1380 1773 1536 1892; x_wconf 47' lang='lat' dir='ltr'>ffissnffi</span> 
     </span>
     <span class='ocr_line' id='line_1_10' title="bbox 323 1903 1369 1994; baseline 0.003 -26"><span class='ocrx_word' id='word_1_66' title='bbox 323 1903 488 1992; x_wconf 85' lang='lat' dir='ltr'>suijuris,</span> <span class='ocrx_word' id='word_1_67' title='bbox 510 1903 621 1971; x_wconf 87' lang='lat' dir='ltr'>tenuit</span> <span class='ocrx_word' id='word_1_68' title='bbox 650 1904 742 1970; x_wconf 84' lang='lat' dir='ltr'>illam</span> <span class='ocrx_word' id='word_1_69' title='bbox 772 1925 871 1994; x_wconf 85' lang='lat' dir='ltr'>super</span> <span class='ocrx_word' id='word_1_70' title='bbox 893 1905 997 1993; x_wconf 92' lang='lat' dir='ltr'>ipsam</span> <span class='ocrx_word' id='word_1_71' title='bbox 1023 1928 1081 1994; x_wconf 86' lang='lat' dir='ltr'>par</span> <span class='ocrx_word' id='word_1_72' title='bbox 1103 1905 1263 1974; x_wconf 83' lang='lat' dir='ltr'>morulam</span> <span class='ocrx_word' id='word_1_73' title='bbox 1286 1911 1369 1972; x_wconf 84' lang='lat' dir='ltr'>tem·</span> 
     </span>
     <span class='ocr_line' id='line_1_11' title="bbox 323 2005 1369 2093; baseline 0.004 -23"><span class='ocrx_word' id='word_1_74' title='bbox 323 2005 411 2092; x_wconf 85' lang='lat' dir='ltr'>poris</span> <span class='ocrx_word' id='word_1_75' title='bbox 440 2005 619 2093; x_wconf 85' lang='lat' dir='ltr'>parvulam.</span> <span class='ocrx_word' id='word_1_76' title='bbox 673 2006 816 2074; x_wconf 82' lang='lat' dir='ltr'>Domum</span> <span class='ocrx_word' id='word_1_77' title='bbox 839 2013 951 2073; x_wconf 86' lang='lat' dir='ltr'>tamen</span> <span class='ocrx_word' id='word_1_78' title='bbox 982 2029 1055 2072; x_wconf 84' lang='lat' dir='ltr'>eam</span> <span class='ocrx_word' id='word_1_79' title='bbox 1086 2007 1164 2074; x_wconf 91' lang='lat' dir='ltr'>inde</span> <span class='ocrx_word' id='word_1_80' title='bbox 1190 2007 1369 2088; x_wconf 88' lang='lat' dir='ltr'>retrahens,</span> 
     </span>
     <span class='ocr_line' id='line_1_12' title="bbox 322 2109 1369 2199; baseline 0.003 -24"><span class='ocrx_word' id='word_1_81' title='bbox 322 2109 426 2175; x_wconf 86' lang='lat' dir='ltr'>vertit</span> <span class='ocrx_word' id='word_1_82' title='bbox 451 2109 567 2177; x_wconf 84' lang='lat' dir='ltr'>faeiem</span> <span class='ocrx_word' id='word_1_83' title='bbox 591 2131 684 2176; x_wconf 88' lang='lat' dir='ltr'>suam</span> <span class='ocrx_word' id='word_1_84' title='bbox 706 2111 749 2179; x_wconf 89' lang='lat' dir='ltr'>ad</span> <span class='ocrx_word' id='word_1_85' title='bbox 771 2109 939 2199; x_wconf 89' lang='lat' dir='ltr'>populum,</span> <span class='ocrx_word' id='word_1_86' title='bbox 962 2116 1119 2198; x_wconf 86' lang='lat' dir='ltr'>stansque</span> <span class='ocrx_word' id='word_1_87' title='bbox 1142 2111 1178 2177; x_wconf 92' lang='lat' dir='ltr'>in</span> <span class='ocrx_word' id='word_1_88' title='bbox 1203 2133 1282 2199; x_wconf 86' lang='lat' dir='ltr'>paee</span> <span class='ocrx_word' id='word_1_89' title='bbox 1307 2111 1369 2178; x_wconf 91' lang='lat' dir='ltr'>sub</span> 
     </span>
     <span class='ocr_line' id='line_1_13' title="bbox 323 2211 1370 2301; baseline 0.002 -23"><span class='ocrx_word' id='word_1_90' title='bbox 323 2235 432 2300; x_wconf 86' lang='lat' dir='ltr'>penno</span> <span class='ocrx_word' id='word_1_91' title='bbox 454 2217 561 2279; x_wconf 87' lang='lat' dir='ltr'>status</span> <span class='ocrx_word' id='word_1_92' title='bbox 582 2213 672 2301; x_wconf 77' lang='lat' dir='ltr'>regii,</span> <span class='ocrx_word' id='word_1_93' title='bbox 697 2211 892 2278; x_wconf 76' lang='lat' dir='ltr'>intuebatur</span> <span class='ocrx_word' id='word_1_94' title='bbox 917 2211 1180 2279; x_wconf 78' lang='lat' dir='ltr'>concurrentiam</span> <span class='ocrx_word' id='word_1_95' title='bbox 1211 2217 1370 2281; x_wconf 81' lang='lat' dir='ltr'>contuen-</span> 
     </span>
     <span class='ocr_line' id='line_1_14' title="bbox 321 2314 633 2402; baseline -0.003 -21"><span class='ocrx_word' id='word_1_96' title='bbox 321 2314 469 2402; x_wconf 88' lang='lat' dir='ltr'>tiamque</span> <span class='ocrx_word' id='word_1_97' title='bbox 491 2315 633 2381; x_wconf 90' lang='lat' dir='ltr'>illorum.</span> 
     </span>
    </p>

    <p class='ocr_par' dir='ltr' id='par_1_3' title="bbox 322 2416 1537 2607">
     <span class='ocr_line' id='line_1_15' title="bbox 366 2416 1504 2503; baseline 0.004 -21"><span class='ocrx_word' id='word_1_98' title='bbox 366 2417 456 2484; x_wconf 89' lang='lat' dir='ltr'>Dum</span> <span class='ocrx_word' id='word_1_99' title='bbox 493 2424 605 2484; x_wconf 85' lang='lat' dir='ltr'>autem</span> <span class='ocrx_word' id='word_1_100' title='bbox 641 2417 688 2484; x_wconf 88' lang='lat' dir='ltr'>sia</span> <span class='ocrx_word' id='word_1_101' title='bbox 724 2421 836 2496; x_wconf 86' lang='lat' dir='ltr'>staret,</span> <span class='ocrx_word' id='word_1_102' title='bbox 869 2416 1066 2503; x_wconf 88' lang='lat' dir='ltr'>vultumque</span> <span class='ocrx_word' id='word_1_103' title='bbox 1102 2417 1289 2484; x_wconf 82' lang='lat' dir='ltr'>deflecteret</span> <span class='ocrx_word' id='word_1_104' title='bbox 1326 2419 1504 2501; x_wconf 74' lang='lat' dir='ltr'>adnogives</span> 
     </span>
     <span class='ocr_line' id='line_1_16' title="bbox 322 2510 1537 2607; baseline 0.003 -22"><span class='ocrx_word' id='word_1_105' title='bbox 322 2519 487 2607; x_wconf 90' lang='lat' dir='ltr'>populum,</span> <span class='ocrx_word' id='word_1_106' title='bbox 515 2525 549 2586; x_wconf 90' lang='lat' dir='ltr'>et</span> <span class='ocrx_word' id='word_1_107' title='bbox 579 2519 687 2607; x_wconf 89' lang='lat' dir='ltr'>ipsum</span> <span class='ocrx_word' id='word_1_108' title='bbox 717 2519 781 2585; x_wconf 90' lang='lat' dir='ltr'>sibi</span> <span class='ocrx_word' id='word_1_109' title='bbox 810 2518 1065 2607; x_wconf 72' lang='lat' dir='ltr'>applaudentem</span> <span class='ocrx_word' id='word_1_110' title='bbox 1095 2519 1284 2601; x_wconf 87' lang='lat' dir='ltr'>aestimaret,</span> <span class='ocrx_word' id='word_1_111' title='bbox 1315 2510 1537 2588; x_wconf 54' lang='grc' dir='ltr'>σπι-*ΜΨ*</span> 
     </span>
    </p>
   </div>
   <div class='ocr_carea' id='block_1_3' title="bbox 322 2581 1536 2712">
    <p class='ocr_par' dir='ltr' id='par_1_4' title="bbox 322 2581 1536 2712">
     <span class='ocr_line' id='line_1_17' title="bbox 322 2581 1536 2712; baseline -0.003 -24"><span class='ocrx_word' id='word_1_112' title='bbox 322 2623 473 2709; x_wconf 84' lang='lat' dir='ltr'>parvenit</span> <span class='ocrx_word' id='word_1_113' title='bbox 513 2622 674 2710; x_wconf 76' lang='lat' dir='ltr'>Magister</span> <span class='ocrx_word' id='word_1_114' title='bbox 717 2621 858 2688; x_wconf 85' lang='lat' dir='ltr'>Thomas</span> <span class='ocrx_word' id='word_1_115' title='bbox 899 2622 1056 2700; x_wconf 84' lang='lat' dir='ltr'>Boucher‚</span> <span class='ocrx_word' id='word_1_116' title='bbox 1097 2622 1370 2712; x_wconf 79' lang='lat' dir='ltr'>Archiepisoopus</span> <span class='ocrx_word' id='word_1_117' title='bbox 1380 2581 1536 2686; x_wconf 42' lang='lat' dir='ltr'>maha-n</span> 
     </span>
    </p>
   </div>
   <div class='ocr_carea' id='block_1_4' title="bbox 318 2700 1529 4146">
    <p class='ocr_par' dir='ltr' id='par_1_5' title="bbox 320 2700 1520 3224">
     <span class='ocr_line' id='line_1_18' title="bbox 321 2700 1512 2818; baseline 0 -25"><span class='ocrx_word' id='word_1_118' title='bbox 321 2726 520 2804; x_wconf 69' lang='lat' dir='ltr'>cantuariae,</span> <span class='ocrx_word' id='word_1_119' title='bbox 542 2725 773 2812; x_wconf 75' lang='lat' dir='ltr'>praemissaque</span> <span class='ocrx_word' id='word_1_120' title='bbox 796 2723 995 2790; x_wconf 85' lang='lat' dir='ltr'>salutatione</span> <span class='ocrx_word' id='word_1_121' title='bbox 1018 2745 1171 2810; x_wconf 84' lang='lat' dir='ltr'>congrua,</span> <span class='ocrx_word' id='word_1_122' title='bbox 1196 2726 1297 2814; x_wconf 88' lang='lat' dir='ltr'>petiit</span> <span class='ocrx_word' id='word_1_123' title='bbox 1324 2749 1368 2793; x_wconf 91' lang='lat' dir='ltr'>an</span> <span class='ocrx_word' id='word_1_124' title='bbox 1380 2700 1512 2818; x_wconf 52' lang='lat' dir='ltr'>{¹3sssz</span> 
     </span>
     <span class='ocr_line' id='line_1_19' title="bbox 321 2825 1513 2915; baseline 0 -21"><span class='ocrx_word' id='word_1_125' title='bbox 321 2827 422 2894; x_wconf 87' lang='lat' dir='ltr'>vellet</span> <span class='ocrx_word' id='word_1_126' title='bbox 444 2827 567 2905; x_wconf 87' lang='lat' dir='ltr'>venire,</span> <span class='ocrx_word' id='word_1_127' title='bbox 581 2832 617 2892; x_wconf 88' lang='lat' dir='ltr'>et</span> <span class='ocrx_word' id='word_1_128' title='bbox 638 2825 818 2893; x_wconf 89' lang='lat' dir='ltr'>Dominum</span> <span class='ocrx_word' id='word_1_129' title='bbox 839 2825 963 2914; x_wconf 86' lang='lat' dir='ltr'>Regem</span> <span class='ocrx_word' id='word_1_130' title='bbox 987 2825 1107 2892; x_wconf 86' lang='lat' dir='ltr'>videre.</span> <span class='ocrx_word' id='word_1_131' title='bbox 1152 2827 1204 2892; x_wconf 90' lang='lat' dir='ltr'>De</span> <span class='ocrx_word' id='word_1_132' title='bbox 1226 2848 1293 2913; x_wconf 93' lang='lat' dir='ltr'>qua</span> <span class='ocrx_word' id='word_1_133' title='bbox 1314 2833 1513 2915; x_wconf 54' lang='lat' dir='ltr'>pe-‚bnrsffl-</span> 
     </span>
     <span class='ocr_line' id='line_1_20' title="bbox 321 2899 1489 3019; baseline 0 -23"><span class='ocrx_word' id='word_1_134' title='bbox 321 2930 440 2996; x_wconf 85' lang='lat' dir='ltr'>titione</span> <span class='ocrx_word' id='word_1_135' title='bbox 473 2929 543 3017; x_wconf 89' lang='lat' dir='ltr'>ipse</span> <span class='ocrx_word' id='word_1_136' title='bbox 574 2927 669 3015; x_wconf 87' lang='lat' dir='ltr'>quasi</span> <span class='ocrx_word' id='word_1_137' title='bbox 700 2927 922 2996; x_wconf 73' lang='lat' dir='ltr'>stomachatus</span> <span class='ocrx_word' id='word_1_138' title='bbox 948 2928 985 2993; x_wconf 94' lang='lat' dir='ltr'>in</span> <span class='ocrx_word' id='word_1_139' title='bbox 1006 2927 1125 3006; x_wconf 88' lang='lat' dir='ltr'>animo,</span> <span class='ocrx_word' id='word_1_140' title='bbox 1148 2899 1489 3019; x_wconf 57' lang='lat' dir='ltr'>respondebatfflffi³</span> 
     </span>
     <span class='ocr_line' id='line_1_21' title="bbox 321 3029 1520 3111; baseline 0.002 -15"><span class='ocrx_word' id='word_1_141' title='bbox 321 3031 441 3098; x_wconf 85' lang='lat' dir='ltr'>iterum</span> <span class='ocrx_word' id='word_1_142' title='bbox 470 3029 618 3096; x_wconf 87' lang='lat' dir='ltr'>breviter</span> <span class='ocrx_word' id='word_1_143' title='bbox 647 3029 737 3111; x_wconf 89' lang='lat' dir='ltr'>satis,</span> <span class='ocrx_word' id='word_1_144' title='bbox 761 3029 823 3095; x_wconf 89' lang='lat' dir='ltr'>sub</span> <span class='ocrx_word' id='word_1_145' title='bbox 852 3029 918 3096; x_wconf 90' lang='lat' dir='ltr'>isto</span> <span class='ocrx_word' id='word_1_146' title='bbox 949 3030 1120 3110; x_wconf 87' lang='lat' dir='ltr'>modo‚-“</span> <span class='ocrx_word' id='word_1_147' title='bbox 1133 3029 1211 3097; x_wconf 88' lang='lat' dir='ltr'>Non</span> <span class='ocrx_word' id='word_1_148' title='bbox 1232 3031 1368 3098; x_wconf 87' lang='lat' dir='ltr'>memini</span> <span class='ocrx_word' id='word_1_149' title='bbox 1380 3031 1520 3087; x_wconf 69' lang='lat' dir='ltr'>boemus</span> 
     </span>
     <span class='ocr_line' id='line_1_22' title="bbox 320 3098 1459 3224; baseline 0.002 -21"><span class='ocrx_word' id='word_1_150' title='bbox 320 3145 337 3175; x_wconf 89' lang='lat'>“</span> <span class='ocrx_word' id='word_1_151' title='bbox 361 3160 412 3204; x_wconf 91' lang='lat' dir='ltr'>me</span> <span class='ocrx_word' id='word_1_152' title='bbox 434 3136 550 3204; x_wconf 68' lang='lat' dir='ltr'>&#39;nosse</span> <span class='ocrx_word' id='word_1_153' title='bbox 579 3136 721 3223; x_wconf 84' lang='lat' dir='ltr'>aliquem</span> <span class='ocrx_word' id='word_1_154' title='bbox 748 3135 839 3201; x_wconf 86' lang='lat' dir='ltr'>infra</span> <span class='ocrx_word' id='word_1_155' title='bbox 866 3155 1015 3224; x_wconf 86' lang='lat' dir='ltr'>regnum,</span> <span class='ocrx_word' id='word_1_156' title='bbox 1038 3135 1119 3222; x_wconf 89' lang='lat' dir='ltr'>quin</span> <span class='ocrx_word' id='word_1_157' title='bbox 1144 3137 1272 3205; x_wconf 82' lang='lat' dir='ltr'>deceret</span> <span class='ocrx_word' id='word_1_158' title='bbox 1293 3159 1368 3204; x_wconf 89' lang='lat' dir='ltr'>eum</span> <span class='ocrx_word' id='word_1_159' title='bbox 1380 3098 1459 3166; x_wconf 58' lang='lat' dir='ltr'><em>Q</em></span> 
     </span>
    </p>

    <p class='ocr_par' dir='ltr' id='par_1_6' title="bbox 321 3238 1368 3325">
     <span class='ocr_line' id='line_1_23' title="bbox 321 3238 1368 3325; baseline -0.001 -18"><span class='ocrx_word' id='word_1_160' title='bbox 321 3248 338 3276; x_wconf 91' lang='lat'><strong>“</strong></span> <span class='ocrx_word' id='word_1_161' title='bbox 360 3241 458 3307; x_wconf 88' lang='lat' dir='ltr'>oitius</span> <span class='ocrx_word' id='word_1_162' title='bbox 486 3239 625 3305; x_wconf 72' lang='lat' dir='ltr'>⁸venire</span> <span class='ocrx_word' id='word_1_163' title='bbox 658 3239 702 3305; x_wconf 89' lang='lat' dir='ltr'>ad</span> <span class='ocrx_word' id='word_1_164' title='bbox 735 3259 797 3320; x_wconf 88' lang='lat' dir='ltr'>me,</span> <span class='ocrx_word' id='word_1_165' title='bbox 832 3243 867 3304; x_wconf 90' lang='lat' dir='ltr'>et</span> <span class='ocrx_word' id='word_1_166' title='bbox 900 3238 1013 3304; x_wconf 87' lang='lat' dir='ltr'>videre</span> <span class='ocrx_word' id='word_1_167' title='bbox 1047 3259 1217 3325; x_wconf 86' lang='lat' dir='ltr'>personam</span> <span class='ocrx_word' id='word_1_168' title='bbox 1252 3261 1368 3322; x_wconf 87' lang='lat' dir='ltr'>meam,</span> 
     </span>
    </p>

    <p class='ocr_par' dir='ltr' id='par_1_7' title="bbox 320 3339 1073 3430">
     <span class='ocr_line' id='line_1_24' title="bbox 320 3339 1073 3430; baseline -0.004 -21"><span class='ocrx_word' id='word_1_169' title='bbox 320 3350 338 3378; x_wconf 77' lang='lat'>‘¹</span> <span class='ocrx_word' id='word_1_170' title='bbox 360 3365 459 3430; x_wconf 89' lang='lat' dir='ltr'>quam</span> <span class='ocrx_word' id='word_1_171' title='bbox 481 3363 534 3409; x_wconf 89' lang='lat' dir='ltr'>me</span> <span class='ocrx_word' id='word_1_172' title='bbox 556 3341 715 3420; x_wconf 86' lang='lat' dir='ltr'>aooedere,</span> <span class='ocrx_word' id='word_1_173' title='bbox 738 3345 773 3407; x_wconf 86' lang='lat' dir='ltr'>et</span> <span class='ocrx_word' id='word_1_174' title='bbox 795 3339 932 3406; x_wconf 87' lang='lat' dir='ltr'>visitare</span> <span class='ocrx_word' id='word_1_175' title='bbox 953 3339 1073 3406; x_wconf 88' lang='lat' dir='ltr'>suam.&#39;’</span> 
     </span>
    </p>

    <p class='ocr_par' dir='ltr' id='par_1_8' title="bbox 318 3442 1529 4146">
     <span class='ocr_line' id='line_1_25' title="bbox 364 3442 1502 3532; baseline 0.004 -21"><span class='ocrx_word' id='word_1_176' title='bbox 364 3445 644 3532; x_wconf 80' lang='lat' dir='ltr'>Amhiepiseopus,</span> <span class='ocrx_word' id='word_1_177' title='bbox 666 3442 781 3508; x_wconf 85' lang='lat' dir='ltr'>audito</span> <span class='ocrx_word' id='word_1_178' title='bbox 804 3442 866 3509; x_wconf 92' lang='lat' dir='ltr'>hoo</span> <span class='ocrx_word' id='word_1_179' title='bbox 887 3463 1051 3530; x_wconf 87' lang='lat' dir='ltr'>responso,</span> <span class='ocrx_word' id='word_1_180' title='bbox 1065 3443 1197 3510; x_wconf 86' lang='lat' dir='ltr'>reaeesit</span> <span class='ocrx_word' id='word_1_181' title='bbox 1218 3444 1367 3524; x_wconf 81' lang='lat' dir='ltr'>festinus,</span> <span class='ocrx_word' id='word_1_182' title='bbox 1379 3465 1420 3518; x_wconf 72' lang='lat'>110</span> <span class='ocrx_word' id='word_1_183' title='bbox 1431 3469 1502 3522; x_wconf 62' lang='lat' dir='ltr'>aaa</span> 
     </span>
     <span class='ocr_line' id='line_1_26' title="bbox 319 3534 1493 3654; baseline 0.001 -41"><span class='ocrx_word' id='word_1_184' title='bbox 319 3547 556 3634; x_wconf 77' lang='lat' dir='ltr'>nunciavitque</span> <span class='ocrx_word' id='word_1_185' title='bbox 588 3545 673 3633; x_wconf 80' lang='lat' dir='ltr'>Regi</span> <span class='ocrx_word' id='word_1_186' title='bbox 706 3565 905 3631; x_wconf 86' lang='lat' dir='ltr'>responsum,</span> <span class='ocrx_word' id='word_1_187' title='bbox 929 3543 1018 3630; x_wconf 93' lang='lat' dir='ltr'>quod</span> <span class='ocrx_word' id='word_1_188' title='bbox 1051 3543 1202 3611; x_wconf 88' lang='lat' dir='ltr'>audierat</span> <span class='ocrx_word' id='word_1_189' title='bbox 1234 3545 1277 3612; x_wconf 95' lang='lat' dir='ltr'>ab</span> <span class='ocrx_word' id='word_1_190' title='bbox 1311 3534 1493 3654; x_wconf 46' lang='lat' dir='ltr'>middin</span> 
     </span>
     <span class='ocr_line' id='line_1_27' title="bbox 319 3645 1503 3734; baseline 0.001 -17"><span class='ocrx_word' id='word_1_191' title='bbox 319 3651 429 3718; x_wconf 77' lang='lat' dir='ltr'>Ducis</span> <span class='ocrx_word' id='word_1_192' title='bbox 473 3648 658 3715; x_wconf 85' lang='lat' dir='ltr'>Reoedente</span> <span class='ocrx_word' id='word_1_193' title='bbox 688 3647 804 3733; x_wconf 89' lang='lat' dir='ltr'>utique</span> <span class='ocrx_word' id='word_1_194' title='bbox 830 3645 1080 3732; x_wconf 82' lang='lat' dir='ltr'>Archipraeaule,</span> <span class='ocrx_word' id='word_1_195' title='bbox 1103 3648 1236 3714; x_wconf 84' lang='lat' dir='ltr'>reasssit</span> <span class='ocrx_word' id='word_1_196' title='bbox 1264 3648 1364 3716; x_wconf 87' lang='lat' dir='ltr'>etiam</span> <span class='ocrx_word' id='word_1_197' title='bbox 1377 3667 1503 3734; x_wconf 74' lang='lat' dir='ltr'>ueroyu</span> 
     </span>
     <span class='ocr_line' id='line_1_28' title="bbox 319 3732 1478 3840; baseline -0.002 -21"><span class='ocrx_word' id='word_1_198' title='bbox 319 3754 447 3840; x_wconf 86' lang='lat' dir='ltr'>etipse,</span> <span class='ocrx_word' id='word_1_199' title='bbox 463 3752 568 3839; x_wconf 81' lang='lat' dir='ltr'>(Rege</span> <span class='ocrx_word' id='word_1_200' title='bbox 586 3749 716 3836; x_wconf 82' lang='lat' dir='ltr'>jaeente</span> <span class='ocrx_word' id='word_1_201' title='bbox 738 3749 777 3814; x_wconf 90' lang='lat' dir='ltr'>in</span> <span class='ocrx_word' id='word_1_202' title='bbox 799 3748 944 3836; x_wconf 90' lang='lat' dir='ltr'>hospitio</span> <span class='ocrx_word' id='word_1_203' title='bbox 967 3749 1127 3836; x_wconf 78' lang='lat' dir='ltr'>Reginae),</span> <span class='ocrx_word' id='word_1_204' title='bbox 1142 3750 1186 3816; x_wconf 88' lang='lat' dir='ltr'>ad</span> <span class='ocrx_word' id='word_1_205' title='bbox 1204 3750 1365 3839; x_wconf 77' lang='lat' dir='ltr'>principa·</span> <span class='ocrx_word' id='word_1_206' title='bbox 1378 3732 1478 3787; x_wconf 58' lang='lat' dir='ltr'>mm·</span> 
     </span>
     <span class='ocr_line' id='line_1_29' title="bbox 319 3851 1363 3940; baseline -0.001 -19"><span class='ocrx_word' id='word_1_207' title='bbox 319 3857 432 3922; x_wconf 89' lang='lat' dir='ltr'>liorem</span> <span class='ocrx_word' id='word_1_208' title='bbox 463 3852 721 3940; x_wconf 84' lang='lat' dir='ltr'>hospitationem</span> <span class='ocrx_word' id='word_1_209' title='bbox 754 3851 858 3919; x_wconf 91' lang='lat' dir='ltr'>totius</span> <span class='ocrx_word' id='word_1_210' title='bbox 881 3851 1012 3930; x_wconf 85' lang='lat' dir='ltr'>Palatii,</span> <span class='ocrx_word' id='word_1_211' title='bbox 1035 3851 1243 3938; x_wconf 85' lang='lat' dir='ltr'>effraotisque</span> <span class='ocrx_word' id='word_1_212' title='bbox 1274 3853 1363 3932; x_wconf 88' lang='lat' dir='ltr'>seris,</span> 
     </span>
     <span class='ocr_line' id='line_1_30' title="bbox 318 3951 1365 4044; baseline -0.003 -20"><span class='ocrx_word' id='word_1_213' title='bbox 318 3979 357 4024; x_wconf 86' lang='lat' dir='ltr'>ao</span> <span class='ocrx_word' id='word_1_214' title='bbox 377 3957 470 4024; x_wconf 87' lang='lat' dir='ltr'>ostiis</span> <span class='ocrx_word' id='word_1_215' title='bbox 491 3955 624 4044; x_wconf 87' lang='lat' dir='ltr'>apertis,</span> <span class='ocrx_word' id='word_1_216' title='bbox 645 3975 736 4020; x_wconf 87' lang='lat' dir='ltr'>more</span> <span class='ocrx_word' id='word_1_217' title='bbox 758 3953 850 4040; x_wconf 81' lang='lat' dir='ltr'>regio</span> <span class='ocrx_word' id='word_1_218' title='bbox 864 3953 977 4040; x_wconf 91' lang='lat' dir='ltr'>potius</span> <span class='ocrx_word' id='word_1_219' title='bbox 991 3973 1092 4039; x_wconf 87' lang='lat' dir='ltr'>quam</span> <span class='ocrx_word' id='word_1_220' title='bbox 1114 3951 1232 4033; x_wconf 82' lang='lat' dir='ltr'>ducali,</span> <span class='ocrx_word' id='word_1_221' title='bbox 1255 3955 1365 4044; x_wconf 90' lang='lat' dir='ltr'>hospi-</span> 
     </span>
     <span class='ocr_line' id='line_1_31' title="bbox 319 4053 1529 4146; baseline -0.002 -19"><span class='ocrx_word' id='word_1_222' title='bbox 319 4061 454 4127; x_wconf 83' lang='lat' dir='ltr'>tabatur</span> <span class='ocrx_word' id='word_1_223' title='bbox 476 4079 535 4146; x_wconf 89' lang='lat' dir='ltr'>per</span> <span class='ocrx_word' id='word_1_224' title='bbox 563 4077 632 4122; x_wconf 89' lang='lat' dir='ltr'>non</span> <span class='ocrx_word' id='word_1_225' title='bbox 654 4077 792 4142; x_wconf 89' lang='lat' dir='ltr'>pauoum</span> <span class='ocrx_word' id='word_1_226' title='bbox 826 4061 957 4141; x_wconf 87' lang='lat' dir='ltr'>tempus</span> <span class='ocrx_word' id='word_1_227' title='bbox 989 4055 1124 4120; x_wconf 88' lang='lat' dir='ltr'>ibidem.</span> <span class='ocrx_word' id='word_1_228' title='bbox 1168 4053 1364 4124; x_wconf 73' lang='lat' dir='ltr'>⁴Publiouto</span> <span class='ocrx_word' id='word_1_229' title='bbox 1375 4072 1529 4138; x_wconf 57' lang='lat' dir='ltr'>expression</span> 
     </span>
    </p>
   </div>
   <div class='ocr_carea' id='block_1_5' title="bbox 318 4139 1483 4270">
    <p class='ocr_par' dir='ltr' id='par_1_9' title="bbox 318 4139 1483 4270">
     <span class='ocr_line' id='line_1_32' title="bbox 318 4139 1483 4270; baseline -0.003 -42"><span class='ocrx_word' id='word_1_230' title='bbox 318 4163 439 4250; x_wconf 78' lang='lat' dir='ltr'>quippe</span> <span class='ocrx_word' id='word_1_231' title='bbox 460 4157 605 4246; x_wconf 80' lang='lat' dir='ltr'>inplebo</span> <span class='ocrx_word' id='word_1_232' title='bbox 627 4163 696 4224; x_wconf 78' lang='lat' dir='ltr'>am</span> <span class='ocrx_word' id='word_1_233' title='bbox 720 4156 807 4223; x_wconf 74' lang='lat' dir='ltr'>eaeo</span> <span class='ocrx_word' id='word_1_234' title='bbox 829 4156 909 4223; x_wconf 73' lang='lat' dir='ltr'>aaa</span> <span class='ocrx_word' id='word_1_235' title='bbox 924 4156 1175 4223; x_wconf 65' lang='lat' dir='ltr'>nominanda</span> <span class='ocrx_word' id='word_1_236' title='bbox 1196 4139 1483 4270; x_wconf 50' lang='lat' dir='ltr'>regenaam</span> 
     </span>
    </p>
   </div>
   <div class='ocr_carea' id='block_1_6' title="bbox 318 4257 1494 4350">
    <p class='ocr_par' dir='ltr' id='par_1_10' title="bbox 318 4257 1494 4350">
     <span class='ocr_line' id='line_1_33' title="bbox 318 4257 1494 4350; baseline -0.01 -19"><span class='ocrx_word' id='word_1_237' title='bbox 318 4269 353 4331; x_wconf 90' lang='lat' dir='ltr'>ot</span> <span class='ocrx_word' id='word_1_238' title='bbox 374 4261 537 4350; x_wconf 91' lang='lat' dir='ltr'>quomodo</span> <span class='ocrx_word' id='word_1_239' title='bbox 560 4282 602 4326; x_wconf 85' lang='lat' dir='ltr'>ex</span> <span class='ocrx_word' id='word_1_240' title='bbox 625 4259 756 4347; x_wconf 84' lang='lat' dir='ltr'>propria</span> <span class='ocrx_word' id='word_1_241' title='bbox 785 4257 1014 4347; x_wconf 84' lang='lat' dir='ltr'>indigesteque</span> <span class='ocrx_word' id='word_1_242' title='bbox 1044 4260 1298 4347; x_wconf 73' lang='lat' dir='ltr'>praesumptione</span> <span class='ocrx_word' id='word_1_243' title='bbox 1320 4271 1494 4337; x_wconf 73' lang='lat' dir='ltr'>moinugm.</span> 
     </span>
    </p>
   </div>
   <div class='ocr_carea' id='block_1_7' title="bbox 318 4488 1368 4879">
    <p class='ocr_par' dir='ltr' id='par_1_11' title="bbox 318 4488 1368 4879">
     <span class='ocr_line' id='line_1_34' title="bbox 352 4488 1368 4558; baseline -0.001 -11"><span class='ocrx_word' id='word_1_244' title='bbox 352 4497 359 4531; x_wconf 88' lang='lat'>¹</span> <span class='ocrx_word' id='word_1_245' title='bbox 373 4495 539 4548; x_wconf 75' lang='lat' dir='ltr'>Eboraoenoie</span> <span class='ocrx_word' id='word_1_246' title='bbox 554 4507 628 4558; x_wconf 72' lang='lat' dir='ltr'>saper</span> <span class='ocrx_word' id='word_1_247' title='bbox 638 4489 724 4542; x_wconf 70' lang='lat' dir='ltr'>sotium</span> <span class='ocrx_word' id='word_1_248' title='bbox 735 4488 819 4556; x_wconf 69' lang='lat' dir='ltr'>Rapis.</span> <span class='ocrx_word' id='word_1_249' title='bbox 865 4489 1071 4555; x_wconf 70' lang='lat' dir='ltr'>sia-Muginai</span> <span class='ocrx_word' id='word_1_250' title='bbox 1090 4489 1164 4555; x_wconf 77' lang='lat' dir='ltr'>Note,</span> <span class='ocrx_word' id='word_1_251' title='bbox 1178 4493 1213 4557; x_wconf 78' lang='lat' dir='ltr'>by</span> <span class='ocrx_word' id='word_1_252' title='bbox 1224 4493 1293 4544; x_wconf 77' lang='lat' dir='ltr'>Lord</span> <span class='ocrx_word' id='word_1_253' title='bbox 1303 4495 1368 4546; x_wconf 84' lang='lat' dir='ltr'>wu-</span> 
     </span>
     <span class='ocr_line' id='line_1_35' title="bbox 318 4568 1059 4641; baseline 0.004 -24"><span class='ocrx_word' id='word_1_254' title='bbox 318 4575 477 4641; x_wconf 69' lang='lat' dir='ltr'>..Muginal</span> <span class='ocrx_word' id='word_1_255' title='bbox 493 4573 569 4634; x_wconf 76' lang='lat' dir='ltr'>Note,</span> <span class='ocrx_word' id='word_1_256' title='bbox 582 4572 617 4638; x_wconf 80' lang='lat' dir='ltr'>by</span> <span class='ocrx_word' id='word_1_257' title='bbox 630 4571 697 4621; x_wconf 78' lang='lat' dir='ltr'>Lord</span> <span class='ocrx_word' id='word_1_258' title='bbox 707 4568 820 4622; x_wconf 74' lang='lat' dir='ltr'>william</span> <span class='ocrx_word' id='word_1_259' title='bbox 866 4568 927 4620; x_wconf 83' lang='lat' dir='ltr'>liam</span> <span class='ocrx_word' id='word_1_260' title='bbox 938 4569 1059 4620; x_wconf 72' lang='lat' dir='ltr'>novara</span> 
     </span>
     <span class='ocr_line' id='line_1_36' title="bbox 318 4647 1368 4720; baseline -0.001 -12"><span class='ocrx_word' id='word_1_261' title='bbox 318 4656 439 4708; x_wconf 72' lang='lat' dir='ltr'>noum</span> <span class='ocrx_word' id='word_1_262' title='bbox 897 4647 1088 4699; x_wconf 56' lang='lat' dir='ltr'>mammae</span> <span class='ocrx_word' id='word_1_263' title='bbox 1111 4648 1368 4720; x_wconf 62' lang='lat' dir='ltr'>popule-uagina</span> 
     </span>
     <span class='ocr_line' id='line_1_37' title="bbox 350 4727 1319 4794; baseline 0.002 -10"><span class='ocrx_word' id='word_1_264' title='bbox 350 4733 361 4768; x_wconf 68' lang='lat'><em>⁹</em></span> <span class='ocrx_word' id='word_1_265' title='bbox 373 4751 443 4784; x_wconf 72' lang='lat' dir='ltr'>nawa</span> <span class='ocrx_word' id='word_1_266' title='bbox 454 4731 481 4784; x_wconf 88' lang='lat' dir='ltr'>in</span> <span class='ocrx_word' id='word_1_267' title='bbox 493 4730 549 4784; x_wconf 76' lang='lat' dir='ltr'>MS·</span> <span class='ocrx_word' id='word_1_268' title='bbox 865 4727 939 4792; x_wconf 78' lang='lat' dir='ltr'>Note,</span> <span class='ocrx_word' id='word_1_269' title='bbox 951 4729 985 4794; x_wconf 76' lang='lat' dir='ltr'>by</span> <span class='ocrx_word' id='word_1_270' title='bbox 996 4727 1064 4779; x_wconf 72' lang='lat' dir='ltr'>Iaord</span> <span class='ocrx_word' id='word_1_271' title='bbox 1075 4727 1190 4781; x_wconf 74' lang='lat' dir='ltr'>william</span> <span class='ocrx_word' id='word_1_272' title='bbox 1201 4730 1319 4786; x_wconf 70' lang='lat' dir='ltr'>ssavand.</span> 
     </span>
     <span class='ocr_line' id='line_1_38' title="bbox 351 4805 821 4879; baseline -0.015 -16"><span class='ocrx_word' id='word_1_273' title='bbox 351 4812 525 4879; x_wconf 74' lang='lat' dir='ltr'>⁸Respomm</span> <span class='ocrx_word' id='word_1_274' title='bbox 542 4824 661 4876; x_wconf 73' lang='lat' dir='ltr'>anaqam</span> <span class='ocrx_word' id='word_1_275' title='bbox 678 4805 821 4858; x_wconf 63' lang='lat' dir='ltr'>Eboracu-</span> 
     </span>
    </p>
   </div>
   <div class='ocr_carea' id='block_1_8' title="bbox 0 0 1824 5842">
    <p class='ocr_par' dir='ltr' id='par_1_12' title="bbox 0 0 1824 5842">
     <span class='ocr_line' id='line_1_39' title="bbox 0 0 1824 5842; baseline 0 3"><span class='ocrx_word' id='word_1_276' title='bbox 0 0 1824 5842; x_wconf 95' lang='lat' dir='ltr'> </span> 
     </span>
    </p>
   </div>
  </div>
 </body>
</html>
