3668 5842
444 856 508 922 296
782 871 980 924 anulsraurr
1001 872 1160 924 summm

277 1065 345 1118 AD·
358 1069 430 1116 14⁵⁸·
443 1067 586 1149 agrestes
608 1061 645 1128 in
666 1062 763 1150 agris,
785 1061 909 1128 milites
930 1061 968 1126 in
989 1061 1115 1139 cestris,
1138 1081 1285 1147 proceres
1315 1061 1353 1126 in
1381 1081 1492 1148 regno,

443 1186 775 1251 unumquemqueque
797 1165 900 1231 alium
915 1163 1093 1251 tranquille
1107 1163 1144 1228 in
1166 1167 1269 1241 statu,
1284 1163 1420 1252 ¹gradu,
1435 1185 1493 1230 ssu

443 1267 556 1333 ordine
587 1289 667 1350 su03
697 1267 832 1334 reduxit
864 1267 978 1333 statim
1010 1267 1046 1332 in
1082 1267 1274 1332 memoriam
1297 1265 1491 1332 discordiam

442 1369 533 1434 illam
563 1389 708 1454 gravem,
740 1369 907 1457 grandem,
939 1375 974 1435 et
1010 1369 1184 1456 plusquam
1217 1369 1387 1456 grandem,
1417 1391 1492 1455 quae

442 1493 549 1559 nuper
571 1477 645 1537 orta
666 1471 775 1538 firerut
797 1472 886 1538 inter
919 1493 996 1538 suos
1030 1471 1189 1549 dominos,
1213 1470 1380 1538 occasione
1402 1470 1492 1536 illius

443 1575 530 1653 belli,
555 1574 644 1660 quod
664 1595 770 1662 nuper
792 1575 1000 1640 commissum
1030 1584 1103 1640 erat
1127 1572 1217 1638 infra
1239 1572 1354 1639 villam
1377 1572 1491 1638 Sancti

443 1678 585 1759 Albani;
607 1683 797 1764 quanteque
813 1677 912 1756 mala,
928 1698 966 1743 ac
981 1677 1083 1742 etiam
1098 1674 1255 1758 2damna,
1270 1675 1492 1742 infallibiliter

443 1785 661 1861 concausaret,
693 1780 813 1845 sinon
835 1780 1085 1868 extingueretur
1119 1779 1226 1859 citius,
1249 1783 1284 1845 et
1314 1777 1489 1844 concordia

442 1881 531 1948 inter
553 1887 664 1970 partes
685 1881 911 1970 redintegrate
933 1887 1025 1948 esset.

276 1990 400 2069 Atreu,
489 1984 539 2050 De
561 1991 718 2072 suggestu
740 1985 845 2074 igitur
874 1984 1018 2072 Spiritus
1040 1983 1137 2063 illius,
1165 1983 1223 2070 qui
1252 1986 1490 2049 testamentum

274 2057 383 2191 ffe‘ffi
393 2075 416 2109 ¹⁸
443 2087 533 2173 pacis
555 2089 631 2153 vult
654 2109 721 2154 esse
743 2088 831 2153 inter
845 2108 1001 2174 proceres,
1017 2086 1181 2174 disposuit
1206 2107 1311 2152 unum
1333 2106 1489 2173 magnum

275 2190 379 2269 himat·
444 2189 685 2277 ³sollemneque
705 2196 817 2257 tenere
840 2189 1023 2256 Concilium
1046 2190 1135 2276 apud
1154 2187 1490 2266 westmonasterium,

274 2259 412 2376 ,vlffln'
442 2292 480 2356 in
501 2291 635 2380 ipsoque
657 2293 713 2360 rel
731 2293 861 2380 plenius
884 2292 1079 2360 concordare
1094 2297 1211 2377 partes,
1226 2290 1281 2356 vel
1296 2289 1413 2356 saltem
1427 2289 1489 2356 sub

274 2361 531 2509 {lsslffli'fflss
563 2394 705 2462 vinculis
735 2395 782 2461 sic
812 2395 1069 2482 astringerent
1099 2393 1192 2458 nulla
1228 2393 1365 2459 auderet
1393 2392 1490 2458 alteri

274 2538 389 2574 ammu-
412 2473 574 2564 ⁸vultum
597 2497 768 2565 ostendere
790 2503 933 2574 torvum,
958 2518 1015 2562 seu
1037 2496 1188 2562 laesuram
1211 2495 1341 2560 inferre.
1388 2494 1489 2560 timi-

275 2589 395 2641 eiluuon.
440 2605 513 2666 tuto
535 2601 638 2688 igitur
660 2601 722 2680 die,
746 2605 780 2666 et
809 2604 1021 2687 apunctuato,
1044 2619 1104 2685 pro
1133 2597 1320 2685 inceptione
1343 2595 1489 2676 Concilii,

441 2701 503 2784 die,
526 2701 690 2784 videlicet,
714 2692 867 2768 vicesimo
889 2705 984 2767 sexto
1006 2699 1128 2766 mensis
1150 2697 1314 2779 Januarii,
1330 2719 1489 2764 convene-

440 2812 520 2870 runt
540 2803 673 2884 ibidem,
696 2805 750 2871 die
783 2804 945 2882 veniente,
972 2823 1046 2868 cum
1066 2801 1218 2867 Dominis
1241 2799 1487 2888 spiritualibus,

441 2927 553 2972 omnes
576 2928 658 2994 pene
680 2907 774 2996 regni
795 2927 961 2994 proceres3
990 2905 1080 2970 inter
1102 2925 1157 2971 eos
1178 2909 1290 2970 tamen
1310 2902 1430 2990 plures,
1452 2908 1487 2968 et

440 3009 603 3097 praeoipue
625 3009 684 3088 illi,
707 3009 766 3095 qui
787 3007 924 3074 stabant
953 3007 991 3072 in
1020 3027 1055 3072 se
1078 3005 1249 3086 discordes,
1271 3005 1488 3092 promptiores

439 3111 684 3198 paratioresque
715 3111 757 3178 ad
792 3110 970 3197 strepitum
1004 3107 1082 3187 litis,
1106 3129 1207 3194 quam
1238 3107 1282 3173 ad
1305 3107 1487 3196 rogandum

440 3235 480 3278 ea
511 3235 587 3300 quae
620 3219 701 3279 sunt
731 3212 829 3301 pacis,
853 3212 924 3278 sive
947 3210 990 3276 ad
1012 3210 1214 3276 causandum
1246 3209 1337 3274 illius
1358 3209 1487 3276 ‘abun-

440 3315 589 3380 dantiam
611 3316 700 3381 infra
721 3295 868 3403 regn'um,
892 3324 952 3379 aut
974 3313 1010 3377 in
1033 3311 1199 3398 aliquibus
1222 3310 1344 3376 finibus
1366 3311 1477 3398 ipsius

272 3433 398 3485 Exhorta-
486 3416 582 3498 Quod
606 3417 680 3483 Rex
709 3417 789 3482 satis
820 3416 969 3482 sollerter
989 3413 1181 3501 percipiens,
1203 3413 1487 3500 reminiscensque,

272 3498 419 3633 mgb!
441 3540 516 3584 cum
539 3519 723 3605 praemissis,
746 3519 918 3605 quomod0,
941 3538 1032 3583 sucro
1053 3515 1257 3602 ‘Evangelio
1280 3519 1372 3594 teste,
1387 3515 1487 3582 habe·

271 3632 397 3698 ussing
441 3625 492 3686 ret
514 3642 611 3686 omne
632 3642 769 3710 regnum
792 3621 829 3686 in
852 3629 886 3686 se'
917 3619 1072 3698 divisum,
1094 3619 1123 3684 si
1153 3639 1221 3683 non
1250 3618 1363 3683 statim
1386 3619 1488 3684 susci·

271 3700 371 3830 {mg
440 3728 532 3808 peret
560 3723 722 3802 unionem,
745 3724 781 3789 in
810 3722 1043 3790 desolationem
1072 3721 1129 3802 ire,
1152 3719 1326 3786 mandavit
1350 3721 1488 3810 singulis

439 3824 506 3892 illis
527 3846 604 3892 vere
627 3825 795 3904 Israelitis,
819 3825 856 3891 in
885 3825 1014 3912 quibus,
1035 3829 1075 3889 ut
1105 3823 1286 3910 supposuit,
1309 3844 1369 3889 nec
1398 3824 1486 3891 fraus

439 3929 676 4016 lucratusque
698 3929 803 4007 dolus,
825 3927 886 3994 hoo
909 3931 967 4006 est,
990 3925 1127 4013 singulis
1149 3925 1310 4004 Dominis,
1326 3929 1394 3990 tam
1412 3925 1485 4012 Spi-

438 4030 612 4097 ritualibus
646 4052 745 4118 quam
777 4030 878 4097 etiam
904 4028 1159 4116 Temporalibus,
1182 4027 1240 4114 qui
1263 4027 1362 4092 moris
1391 4033 1486 4093 erant

439 4132 635 4212 maturioris,
665 4130 952 4218 ⁰audentioresque
982 4130 1200 4197 credebantm·
1229 4151 1298 4196 esse
1328 4130 1486 4196 zelatores

438 4235 535 4324 pacis,
559 4242 607 4314 ut,
621 4234 730 4301 Deum
753 4233 848 4300 illum
870 4255 938 4320 prae
953 4233 1055 4299 oculis
1076 4231 1243 4312 habentes,
1261 4231 1327 4313 Qui
1349 4229 1485 4298 'auctor

473 4491 481 4524 ¹
493 4489 643 4554 Pucificntic
664 4489 790 4557 eujusdam
810 4488 870 4551 litis,
885 4487 939 4539 diu-
1017 4483 1210 4552 mussantque
1220 4485 1248 4536 iu
1260 4484 1318 4537 MS.

439 4573 488 4622 dur
498 4587 570 4636 quum
581 4569 668 4631 decuit,
678 4570 742 4619 iuter
754 4585 869 4634 prtem
881 4585 940 4634 pcr-
1016 4567 1026 4600 ⁴
1037 4567 1229 4619 lutuudmium
1240 4565 1265 4617 in
1277 4566 1334 4618 MS.

438 4647 791 4714 suanm-Superscripuon
813 4657 840 4698 to
864 4647 938 4699 iolios
1016 4645 1161 4697 ‘Mutetur
1172 4646 1217 4696 xii
1228 4651 1268 4698 tt.

441 4730 643 4780 luth-lutb-
1015 4725 1231 4790 ‘arduumque
1242 4725 1269 4774 in
1280 4725 1337 4776 MS.

471 4805 702 4874 'daapruinlffi
1015 4803 1212 4856 hammus.
