3560 5838
664 916 841 968 mnunrx
867 902 880 988 (
905 903 927 988 ).
1073 935 1077 942 ·
1263 903 1328 966 459

325 1107 442 1187 1Item,
464 1107 552 1172 idern
576 1105 688 1172 Abbes
721 1105 869 1172 instituit
891 1104 1043 1193 primitus
1074 1103 1216 1170 officium
1248 1101 1320 1167 Mn-

278 1210 376 1298 gistri
407 1210 560 1298 Operum,
599 1209 771 1296 ipsumque
807 1207 948 1274 officium
986 1211 1055 1272 tem
1093 1203 1325 1272 'abundanter

281 1313 477 1398 praedoruse
522 1309 652 1397 legitur,
690 1310 779 1396 quod
816 1311 858 1375 ed
902 1308 1013 1374 omnia
1056 1308 1196 1374 honeste
1234 1305 1325 1371 intre

283 1413 515 1480 Monesterium
540 1411 728 1498 repetendo,
743 1410 813 1477 sive
836 1411 877 1476 de
897 1431 984 1477 novo
1013 1408 1129 1487 fienda,
1152 1409 1232 1474 setis
1255 1408 1319 1474 sibi

279 1515 426 1583 sufficere
448 1515 608 1581 videntur.

327 1616 423 1700 Item,
453 1617 541 1683 idem
572 1616 686 1682 Abbae
723 1615 872 1681 instituit
908 1615 1062 1702 primitus
1099 1613 1157 1679 iile
1197 1613 1326 1697 mejore

282 1718 463 1798 luminario,
490 1739 564 1805 quae
596 1739 654 1805 per
684 1718 775 1804 prius
805 1717 1022 1806 portabuntur
1052 1721 1130 1782 ente
1166 1714 1325 1781 feretrum

281 1845 340 1910 per
361 1821 512 1909 puerulos
527 1821 568 1886 de
583 1817 875 1906 ³Eleemosynerie‚
891 1819 1007 1885 debere
1022 1819 1184 1906 posterius
1198 1817 1324 1904 portari

283 1945 341 2013 per
363 1923 564 1989 honestiores
597 1943 751 2008 personas
781 1926 856 2008 post
885 1942 1055 2008 generosos
1086 1919 1126 1986 de
1156 1924 1233 1986 tote
1264 1941 1325 1984 sue

283 2025 430 2106 familie;
452 2024 495 2090 cd
524 2044 760 2110 numerumque
791 2023 882 2111 prius
910 2023 1062 2088 hobitum
1093 2022 1323 2108 superaddidit

284 2127 349 2193 ulia
370 2125 550 2205 duodecim,
573 2147 611 2192 co
634 2125 786 2212 pecunius
807 2124 966 2190 limitavit
988 2147 1046 2212 pro
1069 2132 1225 2212 perpetue
1247 2123 1329 2190 cele-

283 2228 434 2295 bratione
463 2229 615 2315 ipsorum.
660 2227 756 2304 Item,
788 2227 937 2292 instituit
966 2227 1121 2314 primitus
1153 2226 1329 2291 luminario

285 2331 351 2395 elie
386 2330 513 2395 minore
549 2329 674 2416 portori
705 2349 764 2417 per
794 2329 940 2415 singulos
969 2349 1045 2394 suos
1078 2328 1255 2394 confratres
1290 2328 1327 2392 in

285 2433 383 2499 Festo
415 2431 567 2518 Corporis
594 2430 779 2512 Dominici;
813 2436 857 2513 et,
890 2453 932 2496 ne
962 2434 1156 2518 graveretur
1187 2429 1331 2497 Sacriste

286 2556 343 2622 per
364 2535 400 2600 id
422 2532 555 2613 fectum,
578 2530 737 2599 limitavit
759 2532 828 2619 ipse
857 2533 1010 2620 pecunias
1039 2532 1159 2619 quibus
1180 2533 1331 2598 valerent

286 2638 430 2724 ipsorum
446 2635 623 2702 duodecim
644 2634 705 2700 “in
726 2639 920 2722 perpetuum
942 2633 1099 2701 exhiberi.

332 2739 426 2816 Item,
448 2737 598 2803 instituit
619 2736 772 2824 primitus
795 2736 964 2802 duodecim
985 2757 1045 2823 pro
1070 2741 1164 2823 perte
1187 2736 1329 2802 Abbatis

286 2841 400 2906 erdere
421 2861 528 2906 cereos
549 2839 634 2906 circe
657 2836 847 2925 Sepulcrum
870 2838 1087 2918 Dominicum,
1107 2840 1326 2926 pecuniasque

286 2941 446 3007 limitavit
467 2941 569 3006 etism
590 2962 650 3028 pro
671 2944 828 3026 perpetue
850 2939 1052 3007 exhibitione
1073 2941 1230 3026 ipsorum.

332 3044 428 3123 Item,
459 3047 499 3108 ut
527 3042 692 3108 laboranti
721 3064 742 3106 e
773 3063 867 3108 mane
900 3042 936 3107 in
967 3063 1135 3129 vesperem
1165 3043 1202 3106 in
1233 3041 1331 3108 vinee

288 3145 423 3211 Domini
437 3145 605 3211 videretur
626 3144 717 3209 lobor
731 3143 799 3209 fore
812 3143 945 3220 fecilior,
962 3164 1114 3230 moreque
1136 3143 1332 3210 succinctior

287 3247 467 3327 laborandi,
497 3245 636 3312 edeuxit
665 3244 777 3310 Abbas
815 3245 923 3310 dictus
957 3245 1157 3332 stipendium
1195 3245 1334 3332 singuiis

289 3347 510 3415 sacerdotibus
542 3345 777 3426 claustralibus,
805 3346 869 3412 rite
901 3347 937 3410 in
967 3345 1028 3412 hec
1053 3347 1151 3412 vinea
1181 3347 1334 3412 loboran-

174 3471 176 3478 ’
290 3451 390 3530 tibus,
420 3451 457 3514 in
490 3471 549 3515 sex
586 3448 698 3514 solidis
735 3452 770 3514 et
800 3453 874 3516 octo
904 3448 1065 3530 deneriis;
1098 3448 1329 3536 ordinavitque

289 3553 483 3619 solutionem
499 3551 629 3616 illorum
645 3550 821 3616 solidorum
842 3550 949 3616 dividi
962 3550 1000 3616 in
1021 3555 1088 3616 tres
1110 3555 1228 3638 portes,
1245 3551 1333 3616 illus·

291 3676 354 3741 que
379 3654 463 3721 solvi
492 3654 582 3720 omni
608 3675 702 3731 enno,
726 3653 762 3718 in
785 3653 889 3719 forme
914 3675 980 3739 que
1001 3653 1080 3719 aiibi
1110 3659 1335 3740 expressatum

291 3763 340 3822 est
363 3757 398 3821 in
421 3755 580 3842 Registro.

335 3857 430 3937 Item,
446 3857 613 3924 ordinavit
629 3856 781 3943 primitus
803 3857 919 3921 vinum
938 3857 974 3920 in
996 3857 1181 3924 minutione
1196 3857 1331 3922 Domini

290 3963 451 4044 Abbetis;
481 3961 692 4048 instituitque
725 3966 765 4027 ut
796 3960 1036 4026 ministraretur
1068 3963 1245 4027 minutioni
1283 3962 1333 4028 ilii

290 4065 327 4130 in
349 4065 537 4152 quentitete
559 4067 655 4129 tante
685 4063 721 4127 in
749 4067 875 4150 quante
903 4061 982 4127 olim
1012 4069 1046 4129 et
1076 4063 1184 4130 adhuc
1217 4063 1331 4128 minis-

290 4173 400 4232 tretur
421 4165 597 4232 minutioni
620 4164 747 4245 Prioris,
772 4168 806 4230 et
827 4165 889 4230 sub
911 4164 1025 4229 eedem
1047 4164 1159 4232 forme.

336 4268 431 4346 Item,
466 4266 631 4333 ordinavit
663 4266 815 4354 primitus
852 4266 1013 4354 pitancias
1049 4266 1124 4332 iiias
1166 4287 1240 4353 quse
1278 4289 1336 4353 per

291 4377 421 4458 tempus
443 4369 594 4455 ⁵hyemis
617 4369 738 4434 dentur
760 4368 804 4433 sd
824 4390 951 4435 ooenom
974 4368 1138 4448 matribus,
1161 4370 1197 4434 in
1221 4368 1336 4434 dIebus

291 4469 494 4551 Dominicis;
516 4470 552 4535 in
574 4473 689 4537 aestete
711 4492 798 4548 vero,
820 4470 856 4534 in
878 4469 994 4536 diebus
1015 4471 1120 4537 Lunae
1142 4475 1177 4537 et
1199 4469 1303 4536 Jovis.
1381 4469 1382 4472 ’

326 4677 334 4709 ¹
345 4674 473 4726 Institutio
484 4673 606 4739 Mcqutri
619 4673 725 4741 Operum
738 4677 790 4742 offl-
875 4673 1075 4725 'Elouoeiucriu
1085 4674 1112 4726 in
1122 4676 1179 4729 MS.

292 4755 334 4814 cii,
346 4761 370 4804 et
380 4752 639 4818 carere-Margine
650 4754 723 4806 Note.
873 4753 884 4786 ⁴
894 4756 1066 4820 imperpetuum
1076 4754 1103 4806 in
1115 4755 1171 4810 MS.

259 4855 261 4859 ·
324 4831 615 4885 ‘imminue
874 4833 1073 4899 'yemiemiffi
