3668 5842
536 901 709 952 tonsurus
732 898 1016 950 vnmnansrnnn
1039 899 1216 950 secuunn.
1338 888 1402 951 315

358 1099 377 1129 “
399 1097 451 1159 est
473 1091 582 1172 etiam,
606 1113 645 1156 ac
667 1089 801 1176 insuper
822 1089 953 1169 veritas,
976 1089 1064 1176 quod
1085 1095 1125 1155 tu
1140 1111 1199 1176 per
1212 1093 1272 1155 tua
1286 1088 1486 1175 scriptam).
1501 1103 1573 1150 145⁸.

360 1202 378 1233 “
400 1195 475 1282 plus
502 1193 616 1258 ‘laudis
648 1192 830 1272 addideras,
853 1213 892 1257 ac
925 1192 1025 1257 etiam
1047 1191 1189 1270 honoris,
1215 1192 1285 1278 jam
1316 1191 1405 1256 dicto

358 1303 379 1331 “
400 1301 512 1362 nostro
535 1294 707 1374 avunculo,
731 1315 830 1379 quam
853 1314 965 1360 omnes
987 1313 1081 1358 voces
1098 1293 1164 1358 illae
1179 1291 1405 1379 superficiales,

360 1407 378 1433 “
400 1419 475 1484 quae
497 1396 719 1462 laudaverunt
750 1417 826 1460 eum
860 1416 914 1460 ore
945 1398 1043 1460 tenus
1065 1417 1085 1459 a
1107 1395 1161 1462 die
1188 1417 1255 1461 suae
1279 1395 1406 1482 deposi-

361 1498 504 1565 “tionis
525 1520 629 1584 usque
651 1497 687 1562 in
709 1518 861 1583 praesens.
906 1497 1043 1583 Sapiens
1066 1501 1117 1562 cst
1140 1498 1196 1582 qui
1220 1497 1355 1576 dicit,-

403 1645 420 1672 “
442 1637 596 1703 ‘Littera
617 1635 741 1722 scripta
763 1639 884 1713 manet,
906 1657 974 1700 vox
995 1634 1172 1700 articulata
1195 1636 1318 1701 recedit
1332 1634 1358 1716 ·,'

358 1787 379 1818 “
401 1786 436 1847 et
469 1784 651 1867 propterea,
673 1777 829 1864 quicquid
863 1783 922 1843 aut
955 1777 1069 1856 laudis,
1092 1781 1152 1842 aut
1182 1777 1313 1858 favoris,
1346 1784 1406 1844 aut

359 1893 378 1918 “
400 1882 562 1970 praeconii,
585 1879 717 1946 aliunde
741 1901 838 1966 quam
862 1901 903 1944 ex
926 1879 1123 1965 scriptorum
1145 1881 1302 1948 beneficio
1332 1903 1405 1969 per-

361 1994 378 2021 “
402 1985 553 2073 quiritur,
583 1983 720 2071 perinde
758 1986 816 2062 est,
846 1986 886 2046 ut
923 1982 1038 2047 scribit
1068 1979 1308 2062 1Oarn0sensis,
1339 1986 1405 2050 acsi

358 2095 377 2124 ‘¹
400 2085 520 2166 *Echo
544 2107 643 2172 quam
667 2084 762 2149 audis
786 2084 821 2148 in
844 2083 970 2162 fabulis,
994 2084 1126 2170 plausus
1152 2085 1328 2152 theatrales
1349 2108 1406 2152 ex·

359 2198 377 2226 ‘⁴
399 2190 529 2277 ciperet,
551 2209 625 2274 quae
643 2187 758 2252 statim
783 2192 822 2252 ut
844 2185 962 2273 incipit
986 2185 1116 2264 desinit,
1132 2193 1165 2252 et
1186 2210 1259 2253 cum
1274 2211 1407 2276 respon·

357 2299 377 2328 ⁴‘
401 2293 456 2360 det
483 2291 561 2356 finit
587 2290 772 2368 stetissime,
800 2310 838 2354 ac
863 2289 1018 2355 vanescit.
1064 2289 1144 2354 Vita
1174 2291 1262 2356 enim
1287 2292 1405 2374 brevis,

360 2402 378 2431 “
400 2399 439 2460 nt
471 2393 582 2480 inquit
619 2391 872 2478 ³Hippocrates,
908 2412 1022 2456 sensus
1059 2391 1191 2474 4hebeS,
1222 2399 1256 2459 et
1294 2401 1407 2483 torpor

358 2504 378 2531 “
400 2495 640 2582 ⁵negligentise,
667 2497 804 2558 causant
830 2514 890 2558 nos
914 2493 995 2558 scire
1018 2494 1166 2580 paucula,
1189 2518 1249 2561 nee
1270 2499 1405 2583 permit-

361 2609 378 2635 “
399 2603 479 2664 tunt
519 2598 615 2685 plura
657 2597 778 2683 amque
821 2595 983 2682 scriptura
1029 2598 1218 2663 memoriter
1255 2601 1405 2666 retinere.

360 2702 492 2789 “Opus
519 2704 570 2764 est
594 2699 696 2788 igitur
720 2698 943 2785 scriptoribus,
967 2699 1045 2783 quia
1067 2705 1118 2765 est
1143 2699 1213 2764 sola
1235 2703 1406 2788 scriptura,

360 2811 378 2839 “
401 2824 474 2889 quae
495 2824 614 2867 nomen
638 2807 672 2866 et
691 2803 813 2866 famam
834 2806 1030 2887 perpetuat3
1049 2801 1136 2866 solus
1156 2802 1244 2867 enim
1260 2805 1405 2890 scriptor,

361 2914 379 2942 “
402 2907 459 2992 qui
475 2905 640 2969 hominem
657 2909 731 2991 post
751 2907 891 2968 mortem
912 2903 983 2968 vita
1001 2903 1143 2968 secunda
1168 2905 1316 2970 revivere
1331 2928 1405 2971 cau-

360 3011 461 3072 “sat
509 3005 585 3070 Tibi
608 3005 711 3092 igitur
733 3026 793 3091 pro
815 3009 875 3068 tua
897 3004 1061 3091 scriptura
1090 3005 1135 3070 sit
1156 3007 1264 3072 adhuc
1285 3007 1406 3072 iterum

359 3117 379 3144 ⁴¹
401 3108 482 3188 laus,
506 3108 550 3174 sit
574 3107 674 3173 etiam
701 3111 735 3172 et
758 3106 871 3194 gloria.
917 3106 1104 3173 Laudamus
1127 3109 1270 3195 insuper,
1287 3115 1320 3175 et
1344 3111 1407 3175 col-

360 3221 378 3246 “
401 3211 581 3288 laudamus,
605 3209 748 3274 laborem
773 3215 805 3276 et
831 3208 990 3274 fervorem
1017 3210 1068 3275 tui
1091 3211 1202 3291 studii,
1225 3217 1259 3277 et
1279 3213 1353 3277 ideo
1369 3235 1406 3279 eo

359 3323 377 3348 ‘¹
400 3312 505 3399 magis
532 3311 677 3398 cogimur
696 3312 732 3375 in
757 3311 860 3398 ipsius
885 3310 1038 3376 laudibus
1062 3312 1238 3393 immorari,
1265 3316 1343 3400 quis
1369 3322 1407 3381 tu
1517 3347 1521 3356 ·

360 3421 379 3450 “
403 3415 499 3492 solus,
523 3413 611 3479 inter
635 3419 769 3478 caeteros
796 3413 1044 3501 comparticipes
1068 3421 1150 3494 tuos,
1167 3417 1235 3482 otio
1258 3417 1407 3503 seposito,

360 3525 378 3553 “
401 3523 435 3583 et
465 3515 614 3602 segnitie,
649 3516 850 3603 singulisque
880 3516 954 3580 aliis
984 3537 1149 3582 morarum
1185 3519 1407 3598 dilationibus,

361 3626 378 3654 “
401 3640 476 3705 quse
502 3617 609 3683 solent
632 3624 725 3683 actus
747 3617 919 3684 hodiernos
944 3639 1048 3704 usque
1070 3619 1104 3684 in
1125 3622 1305 3686 crastinum
1320 3623 1408 3688 elon·

360 3727 378 3758 “
401 3743 488 3807 gare,
518 3720 561 3784 ad
591 3719 735 3784 laborem
766 3725 800 3785 ct
831 3720 977 3784 studium
1016 3721 1180 3786 scribendi
1211 3728 1245 3788 te
1276 3746 1408 3790 conver-

361 3831 380 3858 “
402 3829 507 3898 teras3
539 3821 771 3908 sumpsistique
794 3822 830 3887 in
854 3827 889 3887 te
915 3843 998 3888 onus
1021 3823 1095 3902 talc,
1119 3825 1181 3890 sub
1209 3847 1273 3910 quo
1297 3828 1407 3892 forsan

361 3935 380 3960 “
402 3929 560 4002 nutasset,
578 3924 789 4008 stetissetque
816 3924 851 3989 in
877 3925 983 4010 primo
1008 3925 1115 3991 limite
1141 3927 1253 4008 fessus,
1281 3929 1408 4008 fortior,

361 4036 380 4063 “
403 4027 537 4108 doctior,
556 4025 823 4112 eloquentiorque
837 4023 974 4092 ⁶rhes0r
994 4027 1029 4091 in
1050 4033 1197 4093 tutatus
1211 4029 1406 4115 Aquilonari

362 4137 381 4167 “
403 4129 544 4216 regione.
605 4128 781 4214 Sumpsisti
813 4128 926 4214 utique
959 4129 996 4194 in
1031 4135 1065 4194 te
1100 4129 1253 4208 laborem,
1285 4133 1407 4199 nedum

360 4231 567 4298 “scribendi
597 4231 701 4295 vitam
737 4235 771 4296 et
802 4231 1081 4297 conversationem
1114 4233 1271 4299 carissimi
1302 4237 1408 4301 nostri

396 4503 404 4535 ¹
417 4502 489 4554 John
512 4502 542 4552 of
560 4501 700 4568 Saliabury,
722 4502 818 4567 Bisbop
837 4503 866 4553 of
906 4503 949 4554 the
960 4503 1030 4554 First
1040 4503 1069 4554 of
1077 4505 1116 4555 his
1126 4507 1286 4570 Aphorisms.

363 4581 492 4633 Chartres.
941 4581 1055 4632 ⁴ebeain
1065 4585 1121 4635 MS.

395 4660 604 4713 ’EccdoinMS.
940 4660 1123 4726 ‘aeccliqeatioe
1135 4664 1160 4713 in
1171 4665 1227 4718 MS.

396 4738 654 4806 ³YpocraainMS.:
677 4741 725 4792 this
737 4741 867 4808 ispartos
943 4741 1149 4794 ‘rettorinlffi
