3640 5842
506 901 679 953 somnum
701 903 985 954 mannansrnnn
1007 903 1184 954 sacurem.
1297 889 1359 952 351

317 1101 335 1129 “
357 1093 537 1171 civilitatis,
548 1099 617 1159 tam
633 1115 826 1182 magnaeque
841 1093 984 1181 pietatis,
999 1093 1106 1158 fertur
1120 1093 1230 1169 fuisse,
1240 1095 1280 1155 ut
1294 1112 1361 1156 om·
1375 1097 1445 1150 A.D.
1457 1089 1528 1150 1'459.

319 1206 335 1230 “
358 1197 457 1261 nibus
479 1197 639 1283 prodesse,
655 1197 782 1262 nemini
797 1217 876 1262 vero
891 1197 1012 1276 obesse,
1035 1194 1210 1274 studuerit,
1226 1194 1265 1258 de
1288 1215 1363 1258 con-

318 1305 337 1334 “
354 1299 586 1385 jurationeque
609 1303 723 1364 contra
745 1321 820 1363 eum
843 1298 1008 1362 convictos
1031 1297 1215 1363 dimitteret
1237 1297 1361 1372 illaesos,

319 1409 337 1436 “
359 1423 397 1466 ac
411 1399 448 1466 in
463 1401 633 1487 pristinam
649 1401 906 1466 familiaritatem
921 1404 1105 1479 revocaret;
1129 1399 1364 1485 quarentibus-

315 1510 335 1538 “
357 1525 420 1590 que
434 1525 565 1568 eausam
587 1503 783 1590 respondere
806 1502 925 1569 soleret
937 1509 1002 1567 :-‘
1013 1501 1108 1590 AEgri
1123 1507 1273 1568 censetur
1295 1523 1364 1566 esse

319 1613 336 1640 “
358 1606 492 1684 ‘animi
515 1610 548 1672 et
578 1605 711 1683 infirmi,
733 1605 799 1691 qui,
822 1606 850 1670 si
880 1605 981 1670 habet
1004 1605 1112 1670 oculos
1141 1603 1255 1691 lippos,
1278 1604 1365 1690 ipsos

319 1713 337 1743 ‘⁸
360 1708 525 1774 ‘effodere
546 1708 651 1785 malit,
673 1708 784 1794 potius
807 1729 906 1794 quam
929 1729 1062 1788 curare;
1092 1705 1270 1792 stolidique
1293 1727 1365 1770 sen-

319 1818 336 1845 “
358 1819 446 1888 ‘eus
477 1815 512 1876 et
541 1809 684 1888 insolidi‚
707 1810 761 1875 eui
790 1811 819 1876 si
841 1801 1064 1876 succreverint
1093 1829 1220 1897 ungues
1249 1808 1364 1896 asperi,

320 1917 338 1948 “
362 1919 440 1977 ‘eos
454 1913 591 1999 elegerit
612 1912 710 1978 citius
725 1912 864 1978 evellere
878 1933 978 1998 quam
999 1911 1157 1977 resecare!
1203 1911 1366 1977 Seribitur

319 2023 336 2050 “
359 2015 460 2080 etiam
491 2015 531 2080 de
554 2013 758 2096 ¹Antonino,
792 2019 1008 2102 cognomento
1039 2013 1136 2092 ‘Pi0,'
1159 2015 1225 2100 qui,
1247 2014 1290 2079 ud
1314 2013 1365 2077 in·

321 2123 339 2153 “
360 2117 518 2182 stantiam
540 2116 667 2182 Justini
697 2116 896 2204 Philosophi,
925 2117 1067 2182 multum
1091 2115 1289 2182 Christianis
1311 2117 1366 2181 be-

319 2225 337 2253 “
358 2220 480 2306 nignne
502 2219 608 2285 fertur
636 2219 744 2300 fixisse,
768 2219 930 2305 quomodo
953 2219 989 2284 in
1012 2224 1264 2306 transgressores
1286 2219 1366 2306 legi-

320 2326 339 2357 “
362 2326 419 2388 tur
440 2320 583 2386 multum
604 2319 704 2387 fuisse
734 2321 926 2400 misericors,
948 2321 1238 2408 interrogatusque
1267 2341 1367 2408 quare

319 2428 338 2458 “
360 2423 410 2489 ita
423 2423 555 2501 fuceret,
570 2423 765 2510 respondere
780 2424 900 2488 soleret
912 2423 1072 2489 t-‘Malo
1087 2425 1201 2511 magis,
1218 2422 1367 2510 exemplo

319 2531 338 2560 “
360 2523 555 2611 ‘Scipionis
587 2545 691 2589 unum
721 2525 886 2590 huminem
916 2547 938 2589 a
966 2531 1072 2591 morte
1105 2526 1236 2613 eripere,
1268 2547 1367 2612 quam

321 2633 339 2664 ‘⁸
362 2627 477 2692 ‘mille
505 2631 712 2714 prosternere
734 2626 854 2708 hostes,
876 2629 991 2694 vitave
1012 2627 1161 2715 privare’
1205 2628 1368 2694 Scribitur

319 2737 337 2766 “
360 2729 495 2816 insuper
517 2731 558 2796 de
581 2729 783 2818 Imperatore
806 2730 966 2810 Honorio,
981 2751 1138 2818 germano
1152 2728 1317 2811 ²Areadii,
1333 2735 1368 2796 et

320 2839 338 2868 “
360 2829 555 2899 ³Theodosii
577 2838 706 2918 patruo,
722 2832 885 2918 quomodo
900 2833 1020 2918 ipsein
1035 2831 1262 2918 delinquentes
1283 2833 1367 2897 mul-

321 2941 339 2970 “
361 2941 434 3001 tum
455 2935 531 3021 plus
553 2934 620 2999 suit
631 2957 640 3015 ;
662 2933 878 3021 qualiterque,
900 2925 976 3000 cum
998 2933 1108 3021 plures
1128 2939 1263 3022 propter
1284 2935 1368 3000 hanc

320 3046 339 3075 “
362 3058 494 3104 causam
515 3037 785 3124 improperarent,
808 3042 843 3102 et
865 3042 1060 3122 quererent,
1079 3059 1137 3104 cur
1161 3039 1199 3103 in
1220 3059 1296 3104 eum
1317 3059 1368 3102 re-

320 3145 340 3178 “
361 3139 462 3205 belles
482 3161 692 3225 nequaquam
713 3139 830 3225 punire
852 3139 955 3206 vellet
976 3161 1075 3226 poena
1097 3142 1221 3220 mortis,
1235 3163 1368 3228 respon-

321 3247 339 3278 “
361 3243 437 3309 dere
460 3241 579 3308 soleret
592 3247 655 3306 :-‘
665 3241 807 3307 Utinam
829 3241 930 3306 talem
945 3241 1101 3308 haberem
1122 3245 1313 3330 potentiam,
1329 3248 1368 3309 ut

320 3350 338 3382 ‘⁴
361 3345 533 3410 ‘homines
554 3349 701 3410 mortuos
723 3364 850 3431 possem
873 3345 994 3409 iterum
1016 3365 1167 3412 revocare
1181 3345 1224 3412 ad
1246 3345 1370 3413 vitam’

321 3454 338 3481 ‘⁴
362 3445 528 3512 Scribitur
543 3450 705 3532 praeterea
728 3445 769 3510 de
786 3445 947 3532 Philippo,
963 3445 1174 3514 Macedonico
1188 3448 1285 3536 Rege,
1301 3449 1368 3514 suis

321 3553 339 3582 ‘⁴
361 3549 397 3612 in
420 3548 623 3634 temporibus
645 3547 788 3613 multum
810 3548 942 3626 famoso,
966 3550 1128 3634 quomodo
1150 3551 1220 3637 ipse
1233 3550 1369 3638 ⁴*itaque

321 3657 340 3686 “
362 3649 445 3716 adeo
467 3651 542 3736 pius
557 3656 592 3715 et
607 3649 772 3736 propitius
794 3649 963 3715 interdum
986 3651 1091 3718 fertur
1112 3652 1219 3735 irrisae,
1234 3660 1274 3719 ut
1295 3673 1368 3720 cum

323 3758 341 3788 “
364 3753 435 3819 vice
469 3753 612 3838 quadam
646 3757 750 3819 staret
781 3753 973 3818 admonitus
994 3777 1052 3840 per
1081 3777 1157 3822 suos
1186 3757 1369 3836 benevolos,

322 3859 339 3890 “
362 3855 450 3942 quod
472 3855 556 3922 bene
578 3859 708 3922 caveret
730 3855 771 3920 de
787 3853 946 3941 ⁶Pythea,
961 3856 1076 3936 milite,
1091 3859 1221 3946 egregio
1242 3882 1368 3946 pugna-

322 3964 341 3992 “
363 3965 444 4036 tore,
468 3979 510 4024 ne
533 3959 660 4024 valeret
682 3958 713 4024 ei
736 3957 876 4024 insidiae
905 3957 1237 4040 iussum—‘Quid’
1259 3962 1369 4049 inquit

322 4061 454 4148 “ipset
498 4059 617 4141 ‘Quid
640 4059 670 4124 si
701 4058 886 4124 membrum
919 4059 1074 4126 haberem
1105 4063 1285 4148 putridum,
1311 4064 1368 4129 ab·

322 4169 339 4197 “
363 4163 609 4230 ‘scinderemve
639 4162 739 4229 citius
769 4162 887 4249 ipsum,
917 4184 1017 4249 quam
1047 4165 1236 4232 curaremr’
1265 4186 1368 4252 eoque

323 4271 341 4302 ‘⁸
364 4267 406 4332 ad
429 4289 463 4334 se
486 4264 672 4344 ‘’accersito,
695 4286 754 4352 per
776 4263 937 4330 familiare
959 4266 1163 4354 colloquium,
1179 4273 1214 4334 et
1234 4270 1369 4334 necessi-

321 4377 339 4405 “
362 4369 443 4435 tatis
457 4369 655 4448 relevamen,
671 4366 851 4434 fideliorem
873 4367 943 4432 fore
964 4367 1094 4448 fecerat,
1109 4391 1208 4456 quam
1222 4393 1366 4459 unquam

356 4659 520 4710 ¹Antorrioin
532 4659 588 4712 MS.
899 4659 1148 4730 ⁴Heemesnggeste
1160 4667 1291 4730 “etipse''

355 4737 602 4791 ²Arctode'iinMS.
900 4738 1114 4794 mutuamus

355 4815 614 4870 manducamus.
901 4817 1154 4875 ”meniminus
