3640 5842
449 847 515 921 378
784 865 981 916 ereremum
1002 865 1160 918 recurre

279 1059 350 1112 nn.
364 1065 435 1113 1460.
448 1050 639 1132 intraverat,
679 1055 713 1118 et
745 1052 935 1120 nullatenus
968 1072 1011 1118 ex
1044 1052 1157 1139 alique
1190 1052 1294 1119 solide
1325 1056 1496 1120 censeteve

280 1139 436 1257 ἔξω
448 1155 691 1236 deliberatione,
713 1155 815 1242 coepit
844 1153 997 1243 protinus
1019 1158 1128 1222 stetur
1162 1156 1278 1236 omnis,
1302 1159 1338 1222 et
1366 1157 1496 1244 gre-dus,

445 1261 527 1324 aetue
560 1262 595 1324 et
626 1278 732 1336 sexus,
755 1257 835 1324 ordo
866 1263 901 1324 et
934 1257 1093 1339 conditio,
1115 1263 1231 1324 contre
1251 1280 1327 1324 eum
1350 1278 1497 1324 murmu·
1610 1329 1614 1334 ,

445 1364 557 1426 renter
579 1381 684 1448 egere,
707 1360 877 1448 dicereque
906 1381 965 1448 per
990 1360 1081 1426 viem
1111 1359 1301 1448 improperii
1313 1359 1496 1426 2-“1veh

444 1469 463 1499 “
484 1463 526 1529 de
547 1467 618 1529 tem
633 1463 720 1529 elato
735 1463 848 1530 Duce!
871 1463 929 1550 qui
943 1469 1015 1530 tem
1037 1464 1220 1550 impetuose
1234 1463 1356 1529 nititur
1373 1449 1496 1551 Regem

445 1571 464 1602 “
486 1565 654 1653 deponere,
676 1565 854 1652 tollereque
886 1567 951 1632 sibi
983 1587 1137 1632 coronam
1169 1566 1271 1655 regni
1327 1565 1425 1631 1Veh
1454 1566 1496 1632 de

366 1737 369 1746 ,
444 1675 462 1706 “
483 1673 554 1734 tem
575 1667 783 1756 supercilioso
804 1668 973 1756 principe!
997 1669 1063 1755 qui,
1096 1691 1183 1756 eaepe
1217 1672 1253 1734 et
1275 1667 1396 1756 eaepius
1417 1675 1496 1735 ente

445 1778 464 1806 “
485 1771 556 1838 haeo
577 1775 736 1858 tempora,
762 1791 831 1836 non
854 1774 947 1837 metu
979 1771 1108 1850 ductus,
1129 1793 1190 1838 nec
1212 1771 1249 1836 vi
1272 1775 1411 1850 coactus,
1435 1793 1495 1836 nec

445 1879 462 1908 “
482 1873 677 1940 neceesitete
691 1873 885 1960 compulsus,
908 1870 1042 1953 'imme
1063 1895 1152 1961 pure,
1169 1876 1302 1960 ¹sponte,
1317 1873 1495 1960 libereque,

444 1983 465 2012 ‘¹
486 1997 525 2042 ec
547 1975 701 2054 absolute,
725 1975 835 2041 stebet
852 1975 986 2062 juretus
1008 1981 1043 2042 et
1073 1975 1239 2062 rejurctue
1267 1996 1366 2061 super
1391 1995 1495 2041 secro-

444 2085 463 2114 “
484 2083 599 2144 senote
620 2077 744 2144 Christi
767 2078 956 2167 Evangelia,
979 2099 1140 2165 superque
1172 2075 1421 2143 Sacramentum
1443 2078 1496 2142 sui

444 2189 461 2216 ‘¹
483 2179 622 2246 salvifici
644 2179 795 2268 eorporis,
820 2201 894 2246 oum
919 2177 1169 2247 ³sollemnitete
1188 2179 1355 2267 requisita,
1370 2201 1406 2245 se
1427 2180 1495 2266 ple-

443 2290 462 2319 “
483 2305 570 2364 nem,
585 2305 711 2370 purem,
724 2287 759 2348 et
773 2288 976 2371 perpetuam,
992 2283 1243 2350 observaturum
1258 2282 1323 2348 eibi
1337 2283 1445 2361 fidem,
1457 2306 1495 2350 ec

445 2390 463 2420 “
485 2385 585 2451 etiem
608 2383 824 2466 fidelitatem
846 2405 907 2450 nee
928 2385 997 2450 uJJo
1020 2373 1176 2473 tempore,
1199 2385 1283 2450 olem
1299 2384 1353 2451 rel
1374 2385 1493 2473 pelam,

443 2495 460 2523 “
482 2507 541 2574 per
562 2507 597 2552 se
617 2486 672 2553 vel
693 2487 804 2568 elium,
826 2487 949 2553 maium
982 2487 1125 2574 aliquod,
1148 2488 1219 2554 sive
1241 2487 1402 2566 laesurem,
1426 2509 1495 2554 euae

443 2597 461 2625 “
482 2589 596 2676 Regiae
627 2589 825 2656 Oelsitudini
855 2590 1124 2677 imagineturum
1170 2589 1217 2655 Et
1247 2589 1311 2655 hiis
1342 2590 1495 2656 omnibus

443 2697 462 2727 “
483 2713 552 2757 non
567 2691 786 2774 obstantibus,
799 2691 870 2776 jem
893 2713 953 2758 nec
976 2695 1118 2770 veretur,
1134 2713 1194 2758 nec
1209 2691 1383 2772 erubescit,
1399 2713 1496 2756 suum

443 2793 710 2882 “jusjurandum
750 2793 939 2881 infringere,
977 2793 1155 2860 dummodo
1189 2798 1302 2880 posset
1334 2794 1496 2881 deponere

444 2897 664 2963 “Dominum
695 2896 828 2984 Regem,
853 2901 888 2962 et
921 2895 985 2961 sibi
1017 2916 1172 2962 coronam
1202 2897 1297 2984 regni
1327 2918 1495 2984 usurpare.

443 3006 461 3034 “
484 2997 581 3064 ¹vah
618 2997 660 3064 de
696 2997 759 3064 tuli
792 2997 961 3085 principe!
994 2997 1054 3083 qui
1089 2997 1163 3086 plue
1199 2997 1358 3064 innititur
1394 2991 1496 3064 titulo

443 3107 461 3138 “
483 3100 607 3180 habito,
630 3122 730 3187 quem
746 3101 937 3186 juramento
959 3099 1119 3186 praestito,
1141 3099 1304 3186 citiusque
1337 3099 1439 3166 vellet
1460 3099 1497 3164 in

443 3203 663 3291 “perjurium
695 3203 847 3284 incidere,
879 3223 980 3288 quem
1011 3201 1161 3268 recedere
1183 3224 1204 3266 c
1237 3223 1297 3267 suo
1328 3202 1438 3284 titulo,
1460 3205 1495 3267 et

443 3313 461 3341 “
482 3304 694 3392 *permittere
724 3305 849 3392 Regem
885 3305 1019 3386 bonum,
1043 3303 1169 3392 Regem
1201 3304 1347 3384 beetum,
1371 3305 1495 3392 Regem

443 3414 461 3444 “
483 3406 676 3485 modestum,
699 3411 918 3488 mansuetum,
942 3411 977 3472 et
998 3406 1100 3495 pium,
1115 3407 1254 3472 ulterius
1279 3427 1495 3494 superorum

442 3509 640 3596 “populum
666 3530 873 3597 conregnare.
922 3511 1043 3576 Verum
1060 3509 1163 3595 juxte
1192 3509 1281 3596 leges
1310 3508 1495 3576 Duodecim

443 3618 460 3647 “
482 3611 691 3690 Tabularum,
714 3611 811 3699 leges,
833 3611 995 3693 videlicet,
1019 3612 1233 3699 antiquorum
1263 3611 1495 3691 Romanorum,

442 3719 461 3749 “
483 3713 581 3780 eitius
611 3712 747 3801 eligeret
779 3715 930 3802 princeps
960 3713 1101 3802 insignis
1132 3718 1274 3781 mortem
1307 3715 1493 3795 admittere,

442 3822 460 3851 “
481 3835 581 3902 quam
601 3814 746 3882 incidere
768 3817 806 3882 in
835 3816 1026 3904 perJurium,
1048 3821 1110 3882 aut
1130 3816 1232 3883 fidem
1254 3817 1343 3883 boeti
1370 3819 1495 3905 praeeti-

443 3923 552 3985 “tem
573 3918 706 3986 violere.
751 3919 806 3986 Sic
827 3921 916 3985 enim
938 3919 1039 4007 elegit
1059 3919 1190 3985 Marcus
1201 3917 1219 3990 ‚⁵
1228 3919 1370 3986 Attiiiue
1385 3905 1495 4009 Regu·

444 4025 463 4056 “
484 4020 544 4099 lue,
559 4021 710 4108 princeps
724 4021 813 4107 apud
827 4022 916 4109 ipsos
931 4022 1097 4088 Romanos
1112 4026 1238 4088 aetemc
1251 4023 1409 4089 memorie
1423 4022 1495 4110 dig·

444 4129 462 4160 “
484 4145 556 4192 nus.
601 4123 656 4191 Sic
678 4125 778 4190 etiem
794 4123 963 4212 elegerunt
985 4123 1043 4190 eiii
1057 4124 1204 4212 insignes
1219 4123 1361 4191 Romani
1375 4126 1494 4213 plures,

442 4234 461 4265 “
482 4231 581 4314 prout
601 4231 746 4293 testetur
767 4224 918 4294 “Rhetor
938 4225 1076 4307 Tullius,
1098 4227 1136 4292 in
1157 4227 1270 4294 Tertio
1290 4228 1343 4296 De
1362 4227 1495 4309 Officiis,

443 4329 523 4394 “in
556 4330 715 4416 expressis
743 4328 861 4396 verbis
907 4329 1031 4395 Verum
1063 4330 1171 4409 etiem,
1202 4331 1383 4396 seeundum
1407 4331 1494 4418 leges

444 4437 463 4468 “
484 4437 519 4498 et
550 4430 801 4498 constitutiones
833 4431 928 4519 regni
959 4431 1154 4516 Siculorum,
1188 4431 1390 4522 populorum]
1413 4433 1494 4500 ectio

476 4631 673 4685 wettinus.
1027 4631 1038 4664 ⁴
1043 4633 1239 4698 percitinMS.

474 4711 652 4778 ²yraoinMS.
1024 4710 1267 4764 ‘eutitanus

474 4791 485 4824 ³
496 4789 669 4856 sollempnitate
681 4789 707 4839 in
719 4789 774 4840 MS.
1025 4790 1036 4823 ⁶
1051 4791 1140 4842 Rethor
1150 4791 1177 4842 in
1188 4792 1244 4844 MS.
