3560 5838
470 945 647 1000 sonamus
670 946 957 1001 wsmmnsrann
980 949 1159 1003 1111111.
1278 937 1366 1026 115Ι

292 1138 510 1220 residentem
530 1161 552 1205 a
573 1139 718 1206 dexteris
734 1161 811 1206 vero
825 1137 924 1219 illius,
940 1145 975 1208 et
998 1163 1019 1206 a
1040 1140 1191 1222 sinistris,
1208 1141 1346 1208 Sanctos

291 1247 378 1307 stare
399 1240 478 1308 iecit
499 1241 608 1308 varios
631 1241 777 1326 ejusdem
799 1242 964 1323 nominis;
987 1243 1045 1329 qni
1060 1244 1124 1310 sibi
1146 1244 1346 1324 assisterent,

292 1341 505 1430 debitumque
527 1342 756 1431 impenderent
777 1345 971 1432 obsequium
986 1345 1219 1412 venerationis.
1261 1346 1345 1427 Quae

291 1445 406 1512 tabula
427 1446 505 1514 licet
527 1447 614 1512 facta
635 1447 738 1512 fuerit
759 1447 899 1534 plenius,
914 1447 1167 1535 plenissimeque
1190 1449 1346 1536 perfecta,

290 1547 491 1614 insecundo
525 1570 612 1613 anno
643 1549 742 1636 hujus
773 1550 826 1615 sui
858 1549 1038 1636 regiminis,
1069 1549 1202 1637 incepta
1232 1554 1346 1616 tamen

291 1655 370 1730 erat,
394 1655 429 1716 et
450 1650 614 1730 inchoata,
637 1651 735 1739 longe
756 1658 935 1738 perantes,
958 1675 1017 1739 per
1047 1673 1160 1733 annos,
1183 1652 1344 1733 videlicet,

292 1753 408 1832 varios,
440 1753 520 1819 dum
551 1759 664 1834 staret,
698 1761 794 1821 extra
830 1754 1041 1842 dignitatem,
1073 1756 1109 1820 in
1143 1754 1325 1821 minoribus
1337 1779 1347 1838 ;

292 1856 558 1944 persolutumque
579 1855 690 1922 fuerat
712 1879 770 1944 pro
793 1863 883 1938 tunc,
908 1862 978 1923 tam
1000 1879 1061 1944 pro
1083 1857 1231 1936 materia,
1247 1878 1345 1944 quam

291 1959 393 2024 etiam
414 1979 473 2045 pro
488 1979 556 2024 non
571 1959 700 2026 modica
715 1965 808 2046 parte
822 1958 1050 2026 fabricationis
1071 1958 1168 2024 illius.
1209 1959 1346 2026 Summa

290 2059 463 2126 solutionis
494 2061 668 2146 utriusque
700 2060 866 2148 temporis,
898 2066 1032 2128 centum
1067 2063 1289 2150 quadraginta
1311 2066 1345 2128 et

290 2183 348 2228 sex
370 2161 471 2229 librae.
519 2163 656 2230 Summa
678 2163 858 2242 unciarum,
881 2164 1071 2251 quingentae
1094 2169 1129 2230 et
1150 2165 1315 2231 tredecim.

336 2263 430 2345 Item,
470 2264 639 2330 eisdem
629 2287 666 2330 rn
705 2265 910 2352 temporibus
947 2267 1116 2354 reparavit
1153 2266 1343 2334 (lancellam
1357 2277 1510 2329 Theches-

292 2365 447 2434 Ecclesiae
469 2365 670 2433 Perochialis
693 2367 734 2434 ds
766 2367 928 2454 Appilton
952 2367 1124 2454 cydaras
1113 2391 1151 2434 111
1174 2367 1344 2436 comitatu
1357 2331 1502 2462 1811ξέ11

292 2468 500 2550 Eboracensi,
532 2469 626 2587 quasi
659 2469 809 2536 totaliter
843 2471 884 2536 de
913 2491 1021 2550 ηονος
1056 2476 1191 2558 tamque
1217 2472 1483 2593 egmgieermvn

170 2595 173 2600 ·
290 2571 485 2638 fortificavit
500 2593 575 2638 eum
597 2571 635 2637 in
657 2572 770 2652 muris,
793 2573 954 2654 fenestris,
977 2573 1044 2639 et
1034 2595 1070 2638 ι1
1086 2577 1185 2653 tecto,
1206 2575 1295 2660 quod
1317 2597 1346 2640 s1
1335 2543 1479 2675 sepulta

292 2679 327 2740 et
350 2679 511 2760 quatenus
533 2679 711 2761 praeservet
711 2695 752 2739 ur
773 2674 852 2746 ab
842 2695 919 2761 igne
942 2678 977 2740 et
999 2695 1094 2760 aqua,
1116 2674 1253 2761 aliisque
1270 2697 1346 2741 con-

290 2775 412 2854 trariis,
436 2785 649 2862 peruentum
673 2797 778 2842 annos
802 2776 957 2892 deinceps
989 2797 1057 2841 non
1079 2775 1245 2863 indigebit
1275 2776 1345 2843 ullo

290 2877 415 2944 auxilio
437 2876 662 2964 reparationis.
709 2878 756 2943 Et
785 2877 869 2944 circa
892 2877 977 2944 hanc
1000 2877 1251 2964 reparationem,
1275 2878 1345 2945 sive

289 2979 408 3059 verius,
431 2978 689 3060 innovationem,
714 2979 909 3067 expendisse
930 2977 1037 3046 fertur
1060 2980 1150 3046 ultra
1181 3001 1343 3046 summam

291 3080 413 3169 viginti
434 3081 580 3168 quinque
601 3081 769 3147 librarum

335 3182 457 3263 ²Item,
480 3205 538 3270 per
562 3183 670 3250 media
704 3189 739 3249 et
764 3183 924 3250 lconsilia
946 3183 1076 3269 sapient
1076 3183 1118 3250 iae
1148 3183 1239 3250 illius
1270 3206 1345 3270 quae
1358 3194 1486 3246 1111116

289 3284 396 3352 vincit
429 3285 600 3363 malitiam,
634 3285 840 3402 attingitque
876 3308 898 3352 a
935 3285 1002 3352 fine
1039 3307 1142 3372 nsque
1172 3285 1216 3380 ad
1245 3287 1342 3352 finem
1358 3261 1489 3392 1111111

290 3387 675 3474 111111111111111611
707 3371 861 3454 omnibus
892 3387 997 3453 causis
1034 3387 1187 3475 litigiosis
1223 3389 1343 3455 bonam
1357 3393 1501 3460 longiagas

289 3487 549 3577 dispositionem,
573 3493 767 3569 struerem,
783 3489 1005 3558 introduxit
995 3512 1032 3554 1n
1051 3488 1219 3558 ecclesiam
1235 3461 1445 3578 1111111011,

290 3591 349 3658 1111
370 3596 476 3657 terras
498 3597 533 3657 et
554 3596 753 3672 tenemento,
776 3613 851 3680 quse
874 3591 1001 3657 dudum
1024 3592 1159 3658 fuerunt
1181 3593 1461 3660 Johannisbovna

292 3693 527 3773 Suanbourne,
565 3693 651 3758 infra
675 3693 787 3760 villam
821 3694 863 3759 de
885 3693 1008 3760 Sancto
1038 3693 1179 3774 Albano,
1205 3693 1266 3764 ast
1288 3696 1344 3762 de-

290 3817 391 3883 prope
412 3794 482 3862 ⁴ad
505 3799 608 3862 extra.
655 3795 701 3860 Et
722 3795 808 3863 circa
829 3795 915 3862 hanc
929 3796 1221 3876 introductionem,
1245 3798 1344 3866 circa

292 3919 356 3984 que
379 3897 511 3986 plenam
534 3897 770 3984 pacificamque
800 3896 1038 3985 possessionem
1061 3919 1171 3964 eorum
1196 3901 1344 3964 omnium

291 3999 485 4079 habendam,
509 3999 637 4066 subivit
659 3999 703 4065 ad
725 3999 904 4066 terminum
927 3999 1011 4065 vitm
1045 3999 1214 4085 cujusdam
1245 4002 1345 4066 armi-

291 4101 371 4190 geri,
395 4101 556 4170 clameum
579 4101 615 4166 in
639 4100 719 4188 ipsis
742 4099 904 4188 ponentis,
927 4121 1010 4166 onus
1025 4100 1154 4168 annalis
1177 4102 1344 4190 pensionis

292 4203 437 4291 quinque
460 4224 652 4270 marcarum.

339 4304 435 4384 Item,
457 4325 517 4391 per
539 4304 651 4370 media
672 4301 795 4370 similia
816 4307 851 4370 et
873 4303 1063 4386 consimilia,
1085 4305 1281 4392 perquisivit
1303 4307 1484 4373 deParchne

291 4405 434 4473 Domino
457 4405 498 4472 de
522 4404 732 4493 Hastingius,
755 4405 897 4494 deprope
930 4405 1167 4472 Monasterium
1191 4408 1235 4473 ad
1264 4381 1513 4501 iunssffiffl,

325 4587 334 4622 ¹
348 4587 512 4640 saeuam
531 4587 623 4639 anda.
629 4586 795 4653 —Marginal
841 4588 910 4638 Lord
921 4587 1034 4640 Wriliam
1045 4589 1166 4640 Hovard.

292 4667 368 4730 Note,
380 4669 414 4733 by
424 4668 495 4718 Lord
506 4667 621 4719 William
633 4667 753 4718 Hovsrd.
875 4665 885 4700 ⁴
896 4667 922 4718 It
933 4666 984 4718 viil
995 4669 1028 4720 be
1038 4669 1169 4722 rcmarked
1186 4671 1240 4721 that
1258 4671 1285 4723 in
1302 4673 1344 4726 the

325 4745 452 4797 'concilia
463 4746 490 4797 in
502 4747 556 4798 MS.
842 4747 971 4812 Marginal
982 4748 1048 4799 Note
1060 4749 1081 4800 it
1092 4748 1113 4799 is
1123 4753 1140 4778 ‘¹
1148 4766 1166 4799 a
1177 4749 1289 4811 usca?
1301 4755 1345 4806 but

325 4825 335 4858 ³
348 4825 425 4890 Iusta
449 4824 532 4875 villam
552 4826 638 4874 Sancti
656 4823 757 4889 Albani,
773 4835 796 4875 et
842 4827 898 4877 that
914 4827 944 4874 oi
958 4827 998 4877 the
1020 4835 1075 4878 text
1096 4829 1128 4890 is,
1148 4845 1182 4879 no
1202 4831 1288 4895 doubt,
1302 4834 1344 4885 the

291 4921 370 4970 prope
381 4922 397 4955 1
409 4904 664 4970 dextra-Margine
676 4905 751 4968 Note,
762 4907 796 4971 by
819 4940 820 4951 ι
843 4917 940 4958 comest
950 4906 1061 4972 reading.
