3640 5842
437 898 503 970 372
771 917 969 966 anorsrsrnr
991 915 1152 968 assarna

273 1119 340 1173 M).
355 1121 427 1169 1460.
438 1103 560 1190 absque
591 1104 659 1169 ullo
693 1104 792 1182 obice,
814 1125 983 1192 quousque
1015 1105 1166 1172 venirent
1196 1103 1240 1169 ad
1262 1103 1377 1169 urbem
1400 1102 1486 1169 Oan-

439 1207 566 1288 tuariae,
609 1207 720 1293 ibique
757 1229 816 1293 per
853 1208 1014 1273 morulam
1059 1206 1217 1294 temporis
1261 1205 1489 1294 praestolantes

439 1309 620 1397 parvulam,
643 1309 832 1375 habuerunt
855 1310 1004 1396 quotidie
1026 1309 1069 1375 ad
1099 1330 1142 1386 se,
1165 1309 1209 1374 ad
1238 1307 1346 1374 instar
1377 1308 1488 1395 apium

441 1413 484 1478 ad
506 1413 696 1490 alvearium,
720 1412 948 1478 convolentem
978 1433 1046 1478 non
1075 1433 1210 1499 parvam
1240 1409 1490 1476 multitudinem

277 1514 632 1594 meysarhominum
662 1515 713 1580 ite
746 1513 843 1600 quod,
870 1515 1062 1600 priusquam
1093 1513 1264 1600 pervenire
1285 1517 1418 1600 possent
1446 1510 1489 1576 ad

276 1592 384 1709 ffffin
442 1617 614 1684 civitatem
636 1616 889 1694 Londoniarum,
923 1615 1126 1682 excedebant
1152 1615 1190 1681 in
1218 1637 1354 1682 numero
1377 1635 1490 1680 nume-
1562 1615 1570 1629 '

277 1723 387 1776 forceo!
443 1743 517 1785 rum
551 1718 771 1808 quadraginta
806 1718 947 1784 millium
978 1724 1211 1806 pugnatorum.
1256 1717 1340 1784 Cum
1371 1717 1491 1802 quibus

278 1789 417 1918 ffisshw
444 1823 559 1888 urbem
596 1822 826 1909 ingredientes,
864 1827 899 1887 et
935 1821 1059 1886 ibidem
1096 1822 1294 1908 Magistrum
1331 1819 1490 1885 Thomam

277 1939 343 1975 Μ·
446 1925 621 2002 Bouechcr,
645 1925 931 2012 Arcbiepiscopum
953 1922 1152 2003 Oantuariae,
1176 1945 1243 1989 una
1268 1944 1343 1989 cum
1366 1921 1490 1988 Suffra-

278 2013 430 2130 rhemp·
446 2028 559 2114 ganeis
580 2025 651 2112 ejus
672 2028 781 2107 variis,
804 2025 1012 2114 reperientes,
1036 2025 1183 2092 inierunt
1214 2048 1289 2092 cum
1317 2025 1397 2112 ipsis
1427 2023 1491 2089 col·

279 2082 436 2212 &didm
446 2129 603 2217 loquium,
626 2151 663 2194 ac
684 2130 785 2195 etiam
807 2127 990 2208 concilium,
1005 2129 1086 2214 quid
1108 2149 1167 2215 pro
1181 2127 1388 2216 impetrando
1406 2127 1491 2191 bono

278 2213 430 2333 ffidsffl
447 2233 543 2320 pacis,
567 2233 689 2319 absque
710 2233 780 2298 ulla
802 2231 959 2299 effusione
978 2233 1156 2320 sanguinis,
1172 2233 1283 2319 aptius
1297 2231 1334 2296 in
1353 2230 1492 2296 materia

279 2363 397 2426 pansus
448 2337 493 2402 sit
514 2334 677 2422 agendum
694 2360 703 2413 3
732 2335 930 2422 tandemque
952 2334 1193 2413 concludentes,
1215 2335 1328 2400 taliter
1348 2335 1436 2399 inter
1457 2353 1491 2397 se

277 2414 404 2546 {affl
448 2437 633 2503 concordati
656 2435 800 2516 stabant,
822 2443 869 2516 ut,
893 2459 968 2503 cum
998 2437 1078 2525 ipsis
1100 2437 1263 2517 Dominis,
1294 2436 1403 2502 dictus
1426 2435 1491 2500 Do·

279 2544 418 2626 uestyith
448 2540 557 2605 minus
578 2539 859 2626 Arcbiepiscopus,
882 2545 917 2606 et
946 2561 1021 2605 cum
1054 2561 1092 2605 eo
1122 2539 1174 2605 sui
1197 2538 1413 2626 suffraganei,
1437 2537 1492 2602 de·

277 2614 412 2744 ffiffffi·
445 2642 646 2723 scanderent,
669 2641 834 2723 videlicet,
857 2641 1022 2707 Dominus
1044 2641 1223 2730 Episcopus
1246 2641 1491 2719 Londoniensis,

446 2745 608 2810 Dominus
639 2743 820 2831 Episcopus
851 2743 1098 2822 Lincolniensis,
1122 2743 1286 2810 Dominus
1315 2743 1493 2830 Episcopus

446 2846 705 2928 Sarisburiensis‚
729 2846 892 2912 Dominus
922 2845 1101 2933 Episcopus
1131 2845 1335 2924 Exoniensis,
1360 2851 1395 2912 et
1425 2845 1492 2911 Do·

446 2950 555 3014 minus
577 2949 757 3036 Episcopus
778 2949 935 3030 Eliensis3
957 2947 1134 3033 taliterque
1154 2947 1407 3036 interponerent
1428 2947 1491 3034 ipsi

446 3073 522 3116 suas
555 3057 673 3138 partes,
703 3057 743 3116 ut
773 3049 862 3137 quod
893 3049 975 3116 dicti
1005 3049 1158 3116 Proceres
1190 3049 1397 3138 Temporales
1426 3047 1493 3114 suis

447 3153 574 3218 meritis
596 3175 663 3219 non
684 3151 867 3231 valuerant,
890 3153 926 3218 id
948 3153 1012 3239 ipsi
1027 3152 1188 3218 Praesules
1210 3151 1405 3240 Spiritueles
1426 3152 1494 3218 suis

447 3255 650 3322 orationibus
665 3260 701 3321 et
721 3256 984 3343 perorationibus
1007 3253 1166 3321 efficacius
1189 3275 1247 3342 per
1267 3255 1411 3343 gratiam
1432 3254 1493 3318 im·

447 3363 575 3445 patrare
597 3364 737 3444 possent.

277 3481 424 3534 memus
492 3459 733 3525 Descendentes
762 3459 874 3546 igitur,
899 3465 934 3525 et
967 3460 1108 3538 demum,
1131 3481 1206 3526 cum
1236 3458 1371 3525 infinita
1400 3459 1494 3546 quasi

279 3549 416 3665 Ἠοῖ,
447 3560 552 3647 plebis
575 3559 799 3640 multitudine,
822 3562 997 3648 quiscum
1024 3569 1156 3628 centurn
1187 3561 1360 3649 sexaginta
1396 3561 1495 3626 milli-

278 3680 399 3732 roroesto
447 3663 520 3741 bus,
540 3670 575 3730 et
597 3663 693 3742 ultra,
717 3664 859 3752 deprope
889 3664 996 3730 locum
1028 3663 1087 3730 ubi
1110 3664 1273 3730 Dominus
1295 3663 1369 3730 Rex
1401 3685 1493 3730 suam

278 3747 431 3812 Norump
448 3771 602 3853 posuerat
628 3767 959 3846 castrametationem,
983 3767 1133 3854 deprope‚
1155 3765 1318 3846 videlicet,
1343 3786 1493 3853 campum

278 3815 395 3932 illidi
443 3869 545 3954 juxta
578 3869 891 3957 Northamptonam,
922 3891 1037 3936 versus
1068 3868 1195 3936 Eurum
1224 3867 1395 3948 situatum,
1423 3890 1496 3956 per-

278 3945 417 4079 }{ffigf
450 3971 627 4051 venientes,
650 3971 845 4039 direxerunt
878 3972 959 4040 dicti
981 3971 1118 4038 Domini
1140 3969 1345 4059 Spirituales,
1374 3970 1415 4037 de
1444 3993 1493 4036 as-

279 4086 390 4158 totreat,
449 4095 547 4140 sensu
575 4080 609 4140 et
638 4097 798 4141 consensu
828 4075 1001 4141 Procerum
1033 4073 1286 4162 Temporalium,
1312 4073 1493 4139 Dominum

278 4145 418 4278 ml
448 4177 631 4265 Epicopum
646 4177 921 4244 emersissem
936 4177 980 4243 aa
999 4177 1136 4243 nomin
1152 4177 1252 4266 sega
1267 4177 1495 4264 presentiam

449 4277 492 4343 ad
514 4277 721 4365 probandum
744 4281 861 4367 ipsum,
885 4285 919 4346 et
937 4279 1106 4347 sciendum
1128 4299 1311 4356 corsuum,
1334 4301 1373 4344 ac
1394 4279 1493 4344 etiam

448 4380 492 4445 ad
514 4383 783 4469 cognoscendum,
806 4382 835 4447 si
857 4381 914 4447 via
943 4381 1077 4468 pietatis
1101 4381 1139 4446 in
1164 4379 1236 4468 ipso
1263 4380 1429 4462 existeret,
1451 4384 1494 4459 et,

447 4481 491 4548 ob
513 4483 686 4550 vitandam
708 4484 878 4572 sanguinis
900 4483 1101 4566 effusionem,
1117 4483 1261 4571 placeret
1282 4479 1495 4550 conmendare

447 4585 484 4650 in
517 4589 699 4653 tractatum
732 4587 831 4676 pacis,
866 4587 1105 4672 admittereque
1134 4586 1171 4650 in
1200 4589 1395 4653 tractatores
1427 4584 1495 4650 Do·

448 4687 574 4753 minum
600 4689 898 4777 Arcbicpiscopum,
930 4709 1069 4776 suosque
1101 4689 1280 4755 confratres
1310 4695 1494 4776 praesentes,

446 4793 612 4876 quatinus,
636 4813 711 4858 cum
734 4793 803 4859 sint
831 4792 896 4878 ipsi
919 4792 983 4856 viri
1008 4791 1104 4879 pacis,
1121 4795 1239 4879 posset,
1261 4791 1406 4878 ipsorum
1429 4810 1495 4856 me·
