3668 5842
521 906 695 959 ronanurs
717 905 1003 956 wnmnmsrnnn
1025 906 1204 958 secusne.
1323 891 1388 955 313

344 1101 362 1130 “
383 1093 498 1182 telligi,
521 1115 587 1180 quo
620 1096 698 1172 zela,
721 1115 785 1180 quo
816 1099 903 1173 voto,
928 1115 993 1179 quo
1017 1097 1155 1180 pectore,
1179 1114 1244 1179 quo
1269 1093 1387 1180 jecore,
1404 1107 1561 1160 A.D.1ees.

344 1204 362 1233 ‘¹
383 1217 513 1283 quoque
529 1196 698 1274 desiderio,
714 1195 887 1261 studueras
909 1195 1025 1274 sterili,
1040 1195 1165 1274 humili,
1182 1200 1217 1260 et
1238 1193 1388 1282 simplici,

344 1306 363 1334 “
385 1298 491 1365 nostri
514 1303 605 1364 ortus
624 1299 733 1384 stipiti
755 1297 945 1384 hujusmodi
967 1297 1222 1363 humectationis
1245 1297 1390 1363 fomente

346 1407 365 1438 “
386 1421 560 1488 apponere,
582 1401 702 1487 quibus
725 1422 854 1487 cogeres
876 1406 944 1466 tres
966 1399 1056 1466 illius
1077 1400 1288 1478 ramusculos,
1316 1400 1387 1486 jam

347 1510 364 1538 “
386 1524 469 1590 pene
499 1503 685 1582 emarcidos
707 1525 819 1568 rursus
845 1502 1056 1578 revirescere;
1085 1508 1307 1587 tanquamque
1330 1503 1391 1590 lig-

347 1613 363 1641 “
386 1627 467 1670 num
499 1606 650 1682 alterum,
684 1604 772 1691 quod
803 1604 992 1691 plantatum
1032 1609 1082 1670 est
1112 1625 1203 1669 secus
1237 1605 1391 1670 decursus

346 1713 365 1743 “
387 1728 555 1792 aquarum,
576 1709 619 1772 ad
641 1706 811 1772 humorem
831 1707 943 1772 taliter
965 1727 1040 1771 suas
1062 1706 1187 1771 radices
1210 1706 1394 1786 demittere,

348 1815 367 1844 ‘⁸
389 1809 477 1895 quod
509 1809 587 1875 licet
619 1809 748 1874 venerit
777 1813 887 1888 aeatus,
920 1830 977 1874 seu
1010 1808 1147 1886 siccitas,
1180 1808 1249 1874 sive
1280 1809 1393 1894 alique

346 1917 365 1948 “
386 1910 453 1975 elia
474 1910 650 1976 insalubris
672 1910 892 1997 intemperies,
914 1909 1022 1975 1nihil
1051 1911 1185 1975 timebit
1208 1910 1271 1974 eibi
1301 1911 1394 1997 peni-

347 2019 365 2048 “
387 2018 451 2092 tus,
473 2013 556 2098 quin
577 2013 712 2079 habebit
736 2013 839 2078 facere
860 2013 1069 2094 fructumve
1091 2011 1293 2090 sebastiam
1315 2013 1395 2078 viri·

348 2121 367 2150 “
390 2115 453 2196 dia,
477 2137 653 2203 procreare.
698 2115 836 2202 Propter
857 2115 945 2180 enim
975 2114 1164 2200 hujusmodi
1187 2114 1394 2180 affectionem

348 2223 366 2254 “
389 2219 492 2282 animi
530 2216 752 2283 laudabantur
789 2209 868 2282 olim
906 2217 994 2303 apud
1031 2222 1159 2282 veteres
1197 2217 1262 2281 viri
1302 2217 1395 2282 varii.

348 2325 366 2353 “
387 2319 607 2385 Laudabatur
629 2320 744 2405 utique
767 2320 869 2384 Poeta
891 2319 1007 2383 Attius
1038 2319 1126 2404 apud
1149 2319 1285 2384 Decium
1312 2319 1395 2383 Bru-

348 2427 366 2457 “
388 2426 471 2500 tum,
494 2421 706 2508 Theophanes
730 2418 964 2506 ’Mitylenaeus
986 2421 1075 2506 apud
1090 2421 1282 2506 Pompeium
1306 2422 1397 2508 Mag·

349 2530 366 2558 “
387 2544 487 2604 num;
510 2524 546 2588 in
568 2527 765 2609 tantumque
788 2520 916 2588 ³scriba
937 2522 1073 2600 Ennius,
1097 2544 1135 2588 ac
1167 2523 1268 2588 etiam
1298 2545 1398 2590 vene·

349 2631 368 2662 “
389 2626 535 2707 rebatur,
559 2625 646 2713 apud
663 2625 848 2712 Scipionem
864 2625 1069 2712 superiorem,
1086 2631 1126 2691 ut
1140 2626 1261 2692 faceret
1275 2627 1396 2692 nedum

349 2735 367 2764 “
388 2728 440 2792 sui
463 2727 577 2792 vultus
598 2725 798 2813 ⁴imaginem
821 2727 910 2791 inter
933 2727 1077 2812 picturas
1100 2727 1261 2793 Corneliae
1290 2731 1398 2816 gentis

348 2830 425 2894 “in
458 2828 636 2895 fornicibus
668 2829 865 2915 templorum
901 2829 992 2915 erigi,
1015 2829 1220 2915 ⁵quinimmo
1250 2832 1397 2908 ultoriae,

349 2937 368 2968 “
391 2953 507 3018 corpus
522 2953 627 3008 suum,
643 2936 718 3017 post
733 2931 909 3008 decessum,
926 2930 1036 3016 juxte,
1051 2932 1129 3011 sive,
1146 2938 1185 2996 nt
1200 2931 1258 2996 alii
1271 2933 1396 3010 volunt,

349 3041 368 3070 “
389 3033 486 3110 infre,
501 3033 653 3098 tumbam
675 3031 842 3118 propriam
863 3033 1001 3118 sepeliri.
1048 3033 1126 3098 Non
1143 3033 1256 3120 igitur,
1271 3034 1396 3113 Frater,

350 3135 573 3222 “poterimus
603 3156 663 3199 nos
695 3155 762 3198 non
795 3133 930 3200 laudare
965 3135 1169 3200 affectionem
1201 3136 1252 3200 tui
1284 3137 1397 3216 cordia,

349 3245 366 3272 “
390 3259 465 3302 oum
487 3241 534 3315 tu,
557 3257 625 3301 non
649 3236 758 3300 minus
781 3257 878 3320 qnam
910 3236 968 3300 isti
1000 3237 1292 3324 magnificaverant
1323 3261 1398 3304 suos

350 3345 368 3374 “
392 3338 577 3420 benevolos,
600 3337 816 3425 magnificare,
840 3360 876 3402 ae
900 3337 1000 3403 etiam
1024 3340 1204 3417 mirificare,
1229 3341 1399 3406 studueras

351 3447 367 3476 “
391 3445 459 3505 tres
479 3439 681 3504 ramusculos
711 3440 801 3525 prius
832 3440 945 3518 dictos,
969 3445 1003 3505 et
1024 3443 1186 3528 praecipue
1216 3443 1310 3507 illum
1342 3444 1399 3529 qui

349 3547 369 3579 ‘¹
392 3542 520 3608 medius
553 3546 611 3620 est,
634 3543 686 3606 cui
719 3543 822 3627 major
855 3543 965 3608 inerat
998 3545 1126 3625 virtus;
1159 3567 1219 3612 neo
1252 3547 1398 3612 inferiori

350 3653 369 3681 “
390 3643 571 3731 diligentia,
595 3665 693 3730 quam
728 3645 778 3709 illi
810 3653 1011 3711 curaverunt
1047 3654 1141 3734 gesta
1179 3649 1334 3734 ipsorum,
1365 3657 1400 3714 et

352 3753 371 3782 “
393 3746 491 3823 facta,
520 3746 608 3810 inter
637 3745 771 3811 annalia
807 3746 1030 3812 Romanorum
1061 3751 1211 3828 inserere,
1243 3752 1400 3816 curavisti

352 3857 368 3883 ‘¹
392 3853 426 3913 et
448 3854 495 3925 tu,
512 3869 550 3914 ae
572 3848 673 3913 ctiam
695 3848 899 3930 laboravisti,
923 3850 1069 3915 exaltare
1091 3852 1197 3937 ipsum
1221 3853 1309 3938 apud
1325 3875 1400 3918 suos

352 3959 370 3988 “
392 3953 569 4039 proximos,
607 3974 645 4018 ao
683 3953 830 4030 ulterius,
863 3955 995 4021 nomine
1034 3961 1160 4021 esterno
1198 3956 1399 4023 haereditare.

352 4062 371 4088 “
394 4054 470 4120 Tibi
493 4053 598 4141 igitur
620 4053 710 4119 laus:
743 4053 916 4121 laudamus
939 4057 1050 4134 etiam,
1072 4078 1111 4122 ae
1133 4059 1266 4144 insuper
1296 4058 1400 4122 admi-

350 4165 369 4193 “
392 4179 512 4234 ramur,
527 4157 680 4222 effectum
703 4157 755 4220 tui
770 4157 907 4238 calami;
929 4178 1030 4244 eoque
1053 4159 1157 4245 magis
1176 4160 1321 4246 cogimur
1342 4159 1400 4224 ad-

354 4266 372 4295 “
394 4259 516 4337 mirari,
539 4257 630 4344 quod
660 4258 738 4324 licet
772 4281 940 4345 nunquam
969 4261 1070 4345 juxta
1103 4263 1227 4328 fontem
1259 4261 1400 4328 Cabelli-

388 4554 396 4587 ¹
408 4551 485 4604 nichil
494 4553 522 4602 in
533 4551 591 4603 ΜΒ.
903 4555 981 4616 word,
992 4555 1015 4605 is
1027 4553 1131 4606 omitted
1141 4555 1208 4606 here.

387 4631 553 4684 ²Mr'n‘lcnene
564 4631 591 4682 in
602 4630 659 4683 MS.
936 4632 947 4665 ⁴
956 4635 1088 4697 ynmpiaem
1100 4634 1125 4684 in
1137 4635 1192 4686 Ms.

386 4711 513 4764 'Herma
529 4719 654 4776 suggests,
666 4713 715 4762 end
727 4709 787 4762 with
805 4725 859 4761 ren·
937 4711 1069 4778 ιᾳιιὺιιιιιο
1081 4712 1107 4763 in
1119 4713 1176 4765 MS.

365 4805 409 4855 on,
419 4793 476 4844 that
492 4793 508 4822 ‘⁴
517 4789 665 4853 colebatur,’'
677 4805 707 4840 or
718 4805 786 4841 some
798 4791 859 4842 such
