3668 5842
511 886 683 937 consume
706 887 992 938 wnnrnnusrnnn
1013 886 1191 938 sncurnn.
1309 867 1372 939 287

328 1078 345 1104 “
368 1069 532 1139 renuncia.
578 1073 669 1154 Quas
690 1074 829 1140 hareses
852 1095 971 1154 omnes,
993 1076 1028 1138 et
1050 1093 1182 1149 errores,
1197 1088 1373 1154 omnesque
1387 1073 1453 1124 nl).
1470 1077 1540 1127 ¹4⁵⁷·

328 1181 346 1207 “
368 1174 449 1241 alias
471 1176 640 1263 opiniones
665 1177 852 1242 haereticam
884 1175 1086 1261 pravitatem
1118 1173 1291 1260 sapientes,
1314 1191 1373 1257 ego

329 1284 346 1309 “
367 1281 447 1343 ante
468 1277 539 1344 haec
561 1281 710 1364 tempora
731 1298 841 1344 coram
867 1276 1152 1342 Reverendissimo
1178 1274 1215 1339 in
1242 1271 1374 1342 Christo

329 1383 347 1411 “
370 1384 471 1464 patre,
494 1379 638 1445 Domino
660 1402 733 1445 meo
763 1377 1003 1456 cantuariensi,
1033 1377 1070 1442 in
1091 1377 1197 1444 forma
1219 1374 1374 1444 canonica

328 1479 566 1566 “judicialiter
594 1482 755 1569 abjurari,
785 1482 1012 1548 submittendo
1037 1481 1199 1567 meipsum
1231 1479 1373 1545 existen-

328 1590 344 1616 “
368 1587 435 1648 tem
459 1589 544 1650 tunc
562 1583 709 1665 ibidem3
743 1607 780 1650 ac
803 1585 904 1650 etiam
927 1583 971 1648 ad
993 1605 1090 1664 nunc,
1114 1605 1174 1670 ego
1196 1603 1274 1648 vere
1304 1602 1375 1667 poe·

329 1691 346 1718 “
368 1687 488 1764 nitens,
522 1708 662 1773 vereque
696 1686 868 1769 contritus,
900 1685 1061 1752 submitto
1095 1707 1147 1750 me
1180 1684 1373 1750 correctioni

329 1794 348 1821 “
370 1787 500 1854 Sanctae
532 1789 652 1855 Matris
674 1789 835 1867 Ecclesiae,
858 1789 1009 1876 dictique·
1027 1787 1163 1854 Domini
1194 1786 1259 1850 mei
1286 1785 1372 1852 Can-

327 1898 344 1924 “
366 1891 551 1956 tuariensis.
599 1891 644 1956 Et
676 1913 775 1978 super
805 1890 875 1956 haec
908 1891 1064 1955 exhortor
1097 1895 1133 1954 et
1164 1889 1305 1974 requiro,
1336 1889 1373 1954 in

328 2001 344 2025 “
368 1993 499 2058 nomine
521 1999 556 2060 et
578 1993 705 2059 virtute
728 1992 792 2058 Dei
821 1993 1076 2079 Omnipotentis,
1098 1991 1136 2056 in
1157 1990 1374 2057 salvationem

329 2102 346 2130 “
368 2097 554 2161 animarum
576 2096 724 2161 omnium
746 2095 801 2160 hic
823 2095 1046 2174 existentium,
1069 2116 1107 2160 aa
1130 2093 1230 2160 etiarn
1255 2092 1375 2161 animae

328 2207 345 2232 ‘⁴
367 2219 458 2279 meae,
476 2196 565 2284 quod
586 2197 698 2264 nullus
720 2196 893 2263 hominum
911 2199 953 2264 ab
968 2197 1033 2264 isto
1049 2201 1195 2284 tempore
1217 2197 1254 2261 in
1275 2203 1375 2263 antea

327 2302 424 2365 “det
458 2301 560 2366 fidem
593 2305 653 2366 aut
686 2300 887 2366 credentiam
921 2299 1054 2388 perfidis
1087 2300 1169 2365 meis
1206 2300 1372 2382 doctrinis,

328 2409 346 2437 ‘¹
368 2402 555 2483 haeresibus,
578 2408 638 2467 aut
669 2401 843 2481 erroribus,
865 2403 935 2468 sive
967 2401 1122 2490 praefatos
1154 2424 1242 2468 meos
1272 2401 1374 2468 libros

329 2511 347 2540 “
368 2505 467 2591 legat,
490 2510 612 2584 teneat,
635 2510 694 2569 aut
717 2505 892 2582 custodiat,
914 2504 1024 2591 aliquo
1057 2503 1175 2585 modo;
1198 2503 1255 2570 sed
1286 2505 1374 2590 quod

329 2607 432 2693 “ipsi
465 2629 586 2688 omnes,
616 2607 759 2694 suspecti
793 2607 834 2673 de
867 2608 1056 2688 haeresibus,
1085 2607 1275 2688 liberentur,
1299 2629 1373 2674 cum

329 2710 459 2774 “omni
481 2709 629 2796 possibili
651 2709 871 2788 festinatione,
898 2710 987 2776 dicto
1014 2709 1159 2775 Domino
1188 2731 1262 2776 mec
1288 2709 1374 2776 Oan-

329 2819 346 2848 “
370 2811 539 2890 tuariensi,
560 2817 620 2876 aut
642 2811 741 2878 alicui
763 2833 822 2876 suo
844 2811 1096 2893 ¹commissari0,
1116 2811 1187 2877 sive
1207 2812 1374 2898 deputato,

329 2914 405 2979 “in
437 2914 624 2980 evasionem
662 2919 696 2979 et
729 2913 963 3002 effugationem
1001 2915 1182 2980 multorum
1219 2915 1375 2981 inconve-

329 3025 346 3053 “
369 3017 541 3095 nientium,
576 3016 794 3103 graviumque
827 3017 1047 3104 periculorum
1076 3019 1269 3096 animarum,
1300 3040 1374 3104 quae

328 3127 347 3156 “
369 3120 468 3186 aliter
489 3142 532 3185 ex
553 3119 634 3205 ipsis
657 3119 784 3184 causari
807 3125 948 3207 possent,
972 3126 1007 3186 et
1029 3120 1169 3186 evenire.
1215 3119 1260 3184 Et
1276 3141 1374 3208 super
1507 3161 1510 3166 ,

327 3229 345 3258 “
368 3222 447 3300 haec,
470 3223 507 3286 in
537 3220 672 3308 planam
706 3221 959 3288 declarationem
985 3243 1066 3288 meae
1091 3223 1311 3291 conversionis
1340 3228 1375 3289 et

329 3335 347 3361 “
370 3324 585 3412 poenitentiae,
619 3347 679 3411 ego
710 3323 765 3391 hic
790 3329 902 3412 aperte
936 3323 1135 3403 'consentia
1169 3325 1257 3412 quod
1292 3325 1373 3393 dicti

303 3445 305 3452 ’
328 3435 345 3464 “
367 3427 433 3493 mei
455 3427 533 3493 libri
556 3448 677 3505 omnes,
698 3433 833 3514 propter
857 3428 1109 3494 declarationem
1140 3427 1288 3515 superius
1317 3451 1374 3516 po-

327 3537 346 3566 “
368 3531 474 3608 sitam,
498 3529 682 3596 liberentur
705 3535 739 3596 et
765 3514 968 3618 deputentur
993 3529 1072 3618 igni,
1095 3535 1129 3596 et
1151 3536 1264 3617 aperte
1287 3553 1374 3598 com·

329 3643 345 3670 “
368 3633 539 3714 burantur,
557 3632 594 3698 in
616 3637 774 3699 terrorem
796 3640 831 3700 et
853 3633 1040 3720 exemplum
1063 3633 1211 3700 omnium
1234 3635 1374 3702 aliorum

328 3745 345 3770 “
367 3739 414 3802 sie
436 3733 646 3802 errantium.’'

373 3838 500 3920 Quibus
523 3860 581 3926 per
602 3839 711 3925 ipsum
734 3837 848 3904 taliter
870 3837 977 3915 dietis,
999 3836 1192 3924 publiceque
1215 3839 1374 3926 perlectis,
1385 3855 1436 3907 His
1444 3855 1535 3909 hueu-

327 3941 420 4007 allati
442 3941 578 4007 fuerunt
600 3941 644 4005 ad
659 3941 774 4006 statim
794 3939 956 4027 posterius
977 3940 1013 4005 in
1036 3939 1182 4005 medium
1203 3940 1281 4006 libri
1304 3943 1375 4030 ejus
1387 3924 1516 4041 ἓξὲξ

326 4043 444 4131 plures,
467 4043 670 4134 projectique
694 4043 731 4108 in
753 4043 872 4132 ignem,
896 4049 978 4109 tunc
999 4043 1124 4109 ibidem
1146 4063 1324 4124 accensum,
1339 4046 1472 4110 intuma

327 4148 461 4214 finalem
485 4169 599 4215 eorum
629 4147 894 4224 destructionem,
917 4145 1011 4212 etin
1044 4145 1177 4234 signum
1208 4153 1376 4235 perpetuas

327 4248 643 4316 ³condemnati0nis.

373 4353 491 4440 Sicquo
513 4357 627 4440 pastor
648 4351 704 4417 ille
730 4351 982 4440 perditissimus,
1004 4350 1062 4437 qui
1091 4350 1128 4415 in
1151 4355 1277 4438 quanto
1299 4353 1374 4441 plus
1385 4365 1531 4420 Reflexiom

327 4455 391 4522 sibi
413 4455 533 4544 sapuit,
556 4455 594 4522 in
626 4459 722 4522 tanto
756 4454 831 4542 plus
854 4452 1006 4542 desipuit,
1029 4457 1255 4542 quantumque
1277 4456 1313 4523 in
1339 4434 1502 4554 sefflffi'

1135 4619 1235 4626 ...ω-..-
1249 4621 1374 4632 -—---..

363 4699 613 4752 'comminus
908 4697 1252 4763 memmatensis.

360 4779 607 4833 nummulus.
