3588 5838
437 875 481 942 88
769 885 972 940 arorsrnurr
993 885 1151 938 11111111

268 1084 337 1138 sn.
353 1085 456 1139 1⁴⁵2st
476 1073 607 1154 nostris,
622 1075 710 1141 dicto
732 1073 787 1142 die
810 1065 1005 1142 Parasceuss
1024 1065 1279 1162 perdomandum
1296 1070 1490 1149 censuimus,

413 1185 457 1218 '“
480 1177 724 1256 remittendum,
753 1180 789 1242 et
818 1176 1043 1254 relaxandum,
1076 1196 1115 1241 ac
1147 1174 1184 1240 in
1220 1173 1379 1262 praesenti
1416 1193 1489 1259 per·

438 1279 667 1347 “donandum
706 1299 885 1358 censemus,
915 1277 1162 1356 remittendum,
1195 1281 1230 1342 et
1263 1274 1489 1352 relaxandum,

438 1393 457 1422 “
479 1403 607 1450 necnon
630 1404 688 1470 per
709 1386 887 1469 praesentes
910 1382 1103 1462 relaxamus,
1126 1378 1336 1457 remittimus,
1358 1381 1394 1442 ct
1414 1397 1490 1464 per·

440 1493 459 1524 “
482 1485 651 1564 donamus,
687 1483 837 1551 Johanni
866 1481 1146 1560 ththamstede,
1183 1479 1311 1547 Abbati
1344 1475 1491 1566 exempti

439 1593 458 1626 “
482 1586 676 1655 Monasterii
714 1585 829 1653 Sancti
866 1585 998 1666 Albani,
1028 1584 1110 1650 alias
1148 1583 1236 1650 dicto
1265 1580 1393 1648 Abbsti
1421 1580 1491 1647 Do·

438 1697 554 1756 “mus
580 1689 732 1756 Ecclesia
754 1686 934 1755 Abbathise
955 1686 1071 1753 Sancti
1097 1685 1229 1764 Albani,
1259 1683 1349 1751 villae
1374 1682 1490 1750 Sancti

438 1800 458 1831 ‘¹
480 1792 613 1872 Albani,
643 1791 681 1857 in
702 1791 873 1859 Comitatu
901 1788 1112 1868 Hertfordice,
1139 1787 1220 1854 alies
1250 1787 1339 1854 dioto
1363 1785 1492 1852 Abbati

441 1895 611 1961 “Domus
640 1899 675 1960 et
705 1893 868 1974 Ecclesiae,
898 1891 968 1958 sive
990 1890 1193 1968 Monesterii,
1218 1887 1333 1954 Sancti
1350 1885 1491 1966 albani,

441 2003 460 2036 “
481 1997 519 2062 in
541 1995 623 2061 villa
642 1995 757 2062 Sancti
771 1993 902 2073 Albani,
922 1993 959 2060 in
982 1992 1152 2061 Oomitstu
1176 1989 1389 2068 Hertfordiae,
1410 1989 1493 2055 alias

441 2107 459 2136 “
482 2098 571 2164 dicto
601 2096 728 2164 Abbati
759 2096 887 2162 Domus
918 2100 955 2162 et
988 2093 1151 2173 Ecclesia,
1184 2093 1255 2160 sive
1290 2091 1492 2170 Monosterii,

441 2211 459 2238 “
481 2199 598 2269 Sancti
636 2198 768 2278 Albani,
805 2198 894 2265 villae
932 2197 1049 2264 Sancti
1085 2196 1219 2276 Albani,
1249 2196 1285 2261 in
1319 2194 1491 2262 Comitstn

440 2311 459 2339 “
482 2301 692 2381 Hertfordise,
729 2299 863 2367 domino
892 2299 1030 2366 dominii
1060 2298 1150 2364 villm
1188 2298 1230 2365 ds
1266 2295 1428 2376 Oodicote,
1455 2297 1491 2361 in

441 2411 459 2440 ‘⁶
480 2403 572 2470 dicto
593 2402 767 2470 comitatu
790 2401 1000 2482 Hertfordiae‚
1024 2405 1058 2468 ct
1084 2401 1230 2488 ejusdem
1254 2399 1318 2466 loci
1341 2398 1492 2466 Conven-

442 2513 460 2544 “
483 2505 544 2586 tui,
575 2527 633 2570 seu
670 2505 917 2592 quibuscunque
954 2502 1027 2569 aliis
1064 2503 1253 2569 nominibus
1289 2507 1491 2580 censeantur,

442 2607 689 2675 “omnimodas
734 2605 1016 2694 transgressiones,
1063 2605 1210 2684 offensas,
1257 2603 1492 2691 mesprisioues,

442 2720 460 2748 ‘⁸
482 2715 698 2797 contemptus,
728 2714 764 2776 et
795 2708 1028 2796 impositiones,
1054 2729 1113 2794 per
1142 2707 1231 2795 ipsos
1260 2707 1427 2773 Abbctem
1459 2711 1494 2772 et

443 2820 461 2851 “
485 2812 704 2891 Conventum,
738 2821 816 2878 ante
849 2810 1043 2898 praedictum
1075 2809 1164 2877 diem
1194 2809 1395 2889 Parasocues,
1418 2831 1494 2875 oon·

442 2924 459 2955 “
482 2920 536 2982 tra
565 2915 706 2981 formam
728 2914 938 2981 Stctutorum
972 2912 1013 2979 de
1047 2911 1211 2979 biberetis
1242 2933 1426 3000 pannorum
1459 2919 1494 2978 et

442 3024 460 3056 “
482 3017 688 3106 cepitiorum,
726 3016 838 3095 factos,
869 3015 940 3082 sive
977 3019 1190 3102 perpetratos,
1233 3013 1323 3080 unde
1363 3013 1494 3101 punitio

442 3119 614 3188 “caderet
650 3119 687 3184 in
720 3117 820 3184 finem
859 3129 895 3184 et
932 3115 1202 3204 redemptionem,
1240 3119 1301 3180 sut
1338 3114 1375 3180 in
1411 3114 1493 3180 alias

441 3231 460 3260 “
482 3243 597 3309 poenas
618 3219 830 3308 pecuniarias,
844 3241 903 3285 seu
922 3219 1223 3308 imprisonamenta,
1245 3217 1390 3286 statutis
1412 3239 1496 3306 prm-

443 3329 461 3360 ‘⁴
484 3323 581 3390 dictis
617 3344 685 3389 non
723 3320 939 3388 obstantibus.
999 3319 1045 3386 Et
1081 3321 1222 3407 insuper,
1256 3341 1299 3385 ex
1335 3326 1429 3386 motu
1459 3324 1496 3387 et

444 3431 462 3462 “
485 3423 625 3492 scientia
653 3423 777 3490 uostris
805 3421 982 3510 praedictis,
1013 3421 1276 3510 perdonavimus,
1300 3421 1494 3503 remisimus,

444 3533 461 3564 “
485 3531 521 3594 et
542 3525 774 3604 relaxavimus,
797 3524 919 3591 eisdem
942 3525 1069 3592 Abbati
1098 3529 1133 3591 ct
1155 3523 1343 3591 conventui
1372 3529 1494 3591 sectam

447 3636 465 3666 “
487 3628 576 3716 pacis
598 3633 719 3694 nostrae
741 3649 816 3716 quae
837 3627 880 3693 sd
903 3648 964 3693 nos
995 3648 1109 3694 versus
1137 3626 1225 3714 ipsos
1258 3626 1412 3714 pertinet,
1434 3647 1495 3715 pro

446 3739 466 3768 ‘⁶
488 3727 685 3797 omnimodis
706 3728 959 3816 proditionibus,
975 3728 1126 3808 murdris,
1141 3727 1290 3816 raptibus
1312 3727 1494 3808 mulierum,

447 3840 465 3871 “
486 3831 726 3910 rebellionibus,
749 3831 1049 3911 insurrectionibus,
1078 3831 1218 3910 feloniis,
1247 3830 1495 3918 conspirationi·

446 3939 464 3972 “
486 3933 549 4000 bus
571 3931 959 4021 ¹campi-pcrtitionibus‚
975 3933 1242 4015 manutenentiis,
1265 3938 1300 3999 et
1321 3932 1493 3998 imbracie-

447 4043 466 4074 “
490 4035 556 4116 riis,
580 4055 618 4102 ac
638 4034 712 4101 aliis
741 4033 1066 4123 transgressionibus,
1089 4033 1228 4114 offensis,
1253 4028 1493 4123 'negligentiis

448 4144 467 4174 “
490 4137 741 4219 extorsionibus,
771 4136 1049 4224 mesprisionibus,
1072 4135 1275 4225 ignorantiis,
1299 4137 1495 4223 contempti·

444 4245 462 4276 “
484 4240 557 4319 bus,
570 4239 796 4317 forisfacturis,
812 4249 847 4304 et
869 4237 1124 4326 deceptionibus,
1147 4259 1206 4325 per
1226 4238 1314 4325 ipsos
1328 4237 1494 4305 Abbstcm

448 4348 465 4378 “
488 4346 523 4408 et
537 4340 749 4408 conventum
772 4344 851 4407 ante
874 4341 999 4408 dictum
1024 4342 1110 4407 diem
1126 4340 1319 4406 Parasceues
1339 4340 1494 4427 qualiter·

448 4451 615 4530 “cunque
648 4442 754 4521 factis
785 4442 855 4509 sive
884 4443 1090 4530 perpetratis,
1122 4465 1159 4509 ac
1189 4441 1289 4508 etiam
1319 4441 1493 4530 utlagaria,

445 4551 463 4582 ‘⁴
486 4545 515 4610 si
545 4565 619 4630 quae
646 4543 683 4608 in
714 4545 801 4631 ipsos
823 4543 990 4611 Abbatem
1012 4549 1046 4610 et
1068 4544 1287 4624 conventum,
1310 4543 1375 4609 biis
1405 4565 1494 4611 occa·

446 4654 463 4681 “
485 4645 642 4726 sionibus,
674 4667 731 4712 seu
762 4668 872 4711 earum
904 4645 1024 4733 eliqua,
1053 4646 1177 4713 fuerint
1206 4645 1424 4734 promulgata,
1458 4652 1494 4713 et

480 4845 487 4877 ¹
500 4842 708 4911 cauti-paratu
719 4846 746 4896 in
757 4845 814 4900 MS.
969 4845 975 4916 Ι
1022 4846 1033 4880 ¹
1044 4846 1206 4913 cooptandis
1215 4845 1242 4898 in
1251 4847 1309 4899 HS.
