3588 5838
463 889 504 963 lt
796 913 992 966 nnomrnun
1015 915 1172 967 norrun

289 1105 357 1158 A··D
372 1106 476 1158 ΜΝ
497 1101 723 1187 proclamavit,
746 1117 845 1190 prout
866 1127 887 1169 e
909 1104 1048 1191 praefoto
1065 1103 1229 1172 Willelmo
1244 1104 1367 1184 Albon,
1384 1103 1505 1185 Priore,

457 1209 536 1268 “ut
568 1204 751 1291 prefertur,
782 1205 942 1273 hebuit'
932 1229 969 1272 m
991 1207 1177 1275 mundetis:
1202 1207 1291 1274 foetu
1320 1229 1398 1273 vero
1431 1227 1505 1295 pro·

457 1314 474 1341 “
496 1307 700 1389 donodono,
735 1307 836 1374 rediit
867 1308 955 1375 illico
988 1311 1167 1397 praediotue
1199 1309 1361 1397 Magister
1382 1309 1507 1375 Rober·

457 1414 511 1475 “'t
496 1414 552 1475 tus
573 1411 616 1475 ed
646 1410 820 1498 praefetum
854 1412 1006 1478 Fratrem
1037 1412 1249 1491 willelmum,
1283 1411 1438 1492 Priorem,
1472 1417 1507 1476 et

457 1517 475 1546 “
497 1533 567 1593 noe,
583 1513 619 1577 iu
642 1513 731 1579 dioto
745 1514 842 1580 domo
861 1516 1049 1596 existentes,
1068 1515 1228 1602 nobisque
1249 1515 1367 1582 retulit
1389 1515 1507 1580 seriose

457 1623 473 1649 “
496 1614 784 1702 proclamationem
806 1617 1004 1704 hujusmodi,
1027 1623 1067 1683 ut
1087 1618 1315 1705 praemittitur,
1335 1639 1370 1682 se
1385 1617 1506 1693 feoieee,

455 1725 473 1752 “
495 1717 673 1803 1adjieiens
694 1719 783 1804 quod
804 1719 918 1784 nullus
940 1721 1122 1808 oomperuit
1147 1721 1207 1806 qui
1232 1722 1275 1786 ed
1301 1721 1405 1808 ipsius
1427 1720 1507 1786 eleo·

455 1825 473 1854 “
495 1821 596 1886 tionis
620 1827 732 1886 aetum
757 1822 856 1908 petiit
879 1845 913 1888 se
935 1821 1080 1901 admitti,
1104 1829 1164 1889 out
1186 1823 1223 1887 in
1245 1844 1285 1888 ee
1308 1827 1402 1910 perte
1420 1843 1505 1908 pree-
1641 1823 1644 1828 ’

454 1931 472 1958 “
495 1923 654 1989 tendebat
675 1923 809 2009 aliquod
829 1925 996 1990 interesse.
1044 1923 1119 2004 Quo
1145 1924 1305 1990 relatione
1328 1924 1425 2000 faeta,
1455 1923 1505 1988 in·

454 2034 472 2060 “
494 2026 679 2092 continenti
700 2027 871 2111 posteriue,
892 2028 930 2091 in
951 2027 1073 2092 eisdem
1090 2027 1144 2092 die
1166 2030 1201 2092 et
1219 2027 1290 2092 looo
1312 2024 1504 2114 Capitulum,

454 2136 472 2163 “
493 2129 587 2196 leotae
614 2127 751 2194 fuerunt
776 2129 915 2196 Litterae
940 2126 1121 2196 ²Petenteo
1144 2130 1242 2216 regite
1267 2151 1365 2216 euper
1390 2128 1506 2194 habite

456 2237 474 2266 “
496 2231 631 2298 lieentia
654 2233 697 2297 od
720 2232 962 2318 procedendum
986 2232 1022 2297 in
1048 2231 1224 2298 electione:
1256 2231 1377 2318 quibus
1401 2230 1504 2308 lectis,

454 2343 471 2368 “
495 2335 612 2400 Frater
637 2333 825 2400 Willelmus
855 2334 975 2414 Albon,
1007 2334 1102 2400 Prior
1131 2334 1249 2416 dietus,
1279 2334 1352 2402 vioe
1382 2355 1442 2398 sue
1471 2335 1506 2398 et

453 2444 472 2472 “
494 2437 642 2503 omnium
665 2437 868 2504 confratrum
887 2459 1030 2518 suorum,
1047 2441 1081 2503 et
1096 2436 1200 2502 totius
1223 2435 1417 2503 Conventus
1433 2434 1504 2500 Mo-

455 2547 473 2576 “
495 2541 632 2606 neeterii
647 2541 752 2606 nostri
767 2540 929 2626 praedioti,
947 2546 1027 2606 tuno
1044 2538 1130 2604 inibi
1151 2539 1372 2626 praeeeutium,
1394 2537 1501 2625 polum

454 2649 473 2678 “
495 2647 530 2707 ot
552 2642 681 2730 publice
703 2643 841 2722 monuit,
857 2664 895 2708 oo
917 2663 1068 2729 expresse
1090 2663 1202 2708 omnes
1224 2648 1259 2708 et
1280 2641 1425 2728 singulos
1448 2663 1504 2707 ex·

455 2753 473 2779 “
496 2743 761 2824 eommunicetos,
777 2765 958 2833 suspensos,
984 2752 1018 2812 et
1039 2745 1243 2826 interdictos,
1258 2766 1387 2811 necnon
1410 2765 1505 2831 quos·

454 2853 472 2882 “
496 2869 623 2935 cunque
638 2849 729 2928 ulios,
744 2849 772 2914 si
788 2849 847 2936 qui
861 2837 948 2915 forte
963 2855 1045 2915 tuno
1060 2852 1169 2914 eoeent
1184 2853 1373 2935 presentes,
1383 2847 1448 2933 qui,
1464 2847 1505 2911 de

454 2957 471 2986 “
488 2952 564 3037 jure
585 2973 643 3017 eeu
665 2951 706 3018 de
727 2951 972 3029 consuetudine,
987 2951 1110 3038 inipso
1134 2947 1503 3038 electionis³[uegotio]

453 3062 470 3089 “
492 3055 650 3122 interesse
672 3078 741 3121 non
768 3055 938 3133 deberent,
968 3054 1056 3141 quod
1089 3055 1130 3119 de
1162 3054 1251 3120 dioto
1277 3053 1383 3118 Domo
1408 3052 1506 3140 Copi-

453 3163 472 3194 “
494 3158 597 3223 tuleri
621 3158 820 3237 reoederent,
846 3179 885 3224 eo
906 3158 1013 3244 ipsum
1043 3157 1189 3223 Priorem
1215 3162 1251 3222 ot
1275 3155 1366 3237 elios,
1393 3155 1450 3240 jue
1471 3159 1507 3221 et

452 3267 470 3296 ‘⁴
492 3282 588 3326 voees
603 3260 640 3326 in
655 3281 694 3326 eo
707 3266 802 3348 porte
819 3261 992 3340 hebentes,
1009 3259 1129 3347 eligere
1149 3259 1251 3325 libere
1265 3259 1505 3350 permitterent.

455 3370 470 3398 “
495 3362 748 3430 Protestebetur
762 3363 896 3450 iusuper
909 3362 999 3428 idem
1014 3363 1108 3428 Prior
1121 3362 1273 3448 protinus
1288 3369 1368 3428 tuno
1382 3361 1505 3427 ibidem

454 3471 472 3499 “
493 3465 612 3552 pelnm,
627 3465 766 3553 publice,
783 3470 818 3531 et
833 3483 992 3552 expresse,
1006 3465 1095 3552 quod
1109 3487 1171 3532 neo
1185 3471 1256 3532 eret
1271 3487 1339 3547 sue,
1349 3487 1410 3531 neo
1424 3465 1504 3531 elio-

454 3577 471 3604 ‘⁴
494 3589 568 3633 rum
594 3567 798 3635 confratrum
821 3589 957 3633 suorum
979 3567 1221 3655 praediotorum,
1243 3569 1396 3647 intentio,
1421 3569 1504 3634 tales

454 3679 470 3706 “
492 3671 678 3751 admittere,
701 3675 861 3756 tanquam
876 3669 951 3756 ‘jus
976 3691 1035 3735 seu
1048 3691 1145 3736 voees
1176 3671 1213 3735 in
1238 3670 1311 3757 ipen
1335 3670 1503 3750 electione,

453 3781 470 3808 “
494 3778 552 3839 aut
573 3774 610 3838 in
631 3773 704 3860 ipse
726 3773 885 3840 electione
906 3772 1088 3859 prooedere,
1111 3793 1169 3839 eeu
1192 3771 1322 3861 eligere,
1344 3795 1419 3839 eum
1441 3774 1503 3839 eis·

453 3885 471 3910 “
494 3877 586 3959 dem;
609 3875 744 3956 ⁶immo,
760 3876 868 3942 voluit
883 3875 993 3941 dietus
1016 3875 1120 3956 Prior,
1135 3880 1170 3941 et
1184 3875 1286 3942 etiem
1301 3875 1504 3964 quiscunque

453 3984 472 4016 “
493 3983 652 4061 nostrum,
675 3979 765 4066 quod
787 3999 883 4044 voees
912 3977 1091 4056 telium,si
1120 3977 1177 4064 qui
1206 3977 1418 4065 postmodum
1447 4001 1498 4044 re·

457 4091 474 4118 “
496 4083 684 4170 perirentur
712 4081 750 4146 iu
778 4081 936 4148 electione
964 4079 1154 4165 hujusmodi
1182 4079 1380 4160 interfuisse,
1411 4079 1500 4168 quod

460 4193 478 4219 ‘¹
501 4185 586 4250 nulli
607 4185 805 4273 praestarent
823 4183 1024 4271 sufffugium,
1038 4203 1096 4248 neo
1111 4182 1210 4248 elicui
1225 4182 1388 4249 inferrent
1405 4205 1506 4250 nocu-

454 4291 472 4320 “
495 4293 657 4354 mentum.
690 4287 801 4354 Fertis
811 4307 891 4353 vero
902 4285 1084 4351 monitione
1098 4289 1133 4351 et
1148 4285 1387 4371 protestatione
1401 4287 1499 4352 modo

452 4395 471 4426 “
493 4391 599 4470 dietis,
629 4392 714 4458 lecte
735 4389 802 4456 fuit
831 4410 890 4477 per
918 4387 1097 4475 praelotnm
1128 4385 1280 4453 Fratrem
1309 4388 1497 4456 Johennem

484 4608 492 4641 ¹
505 4607 612 4659 adiciens
623 4607 651 4658 in
661 4605 718 4658 MS.
971 4609 978 4688 Ι
1033 4597 1169 4651 ‘tabente
1189 4599 1212 4650 ie
1234 4603 1381 4668 apparently
1397 4603 1502 4655 omitted

482 4687 726 4738 ²PateotieinMS.
1003 4681 1069 4732 here.

482 4766 672 4819 ³oometude'ne
699 4766 721 4816 ir
744 4763 893 4816 mbrtituted
911 4763 950 4813 for
1034 4761 1044 4792 ⁵
1053 4761 1146 4823 ymoin
1157 4761 1213 4813 MS.

448 4849 500 4900 thio
511 4848 581 4898 nord
590 4847 618 4896 in
629 4845 695 4906 MS,
702 4843 829 4909 evidently
837 4843 864 4894 in
872 4857 949 4894 error.
