3668 5842
538 883 715 934 sensurus
738 883 1025 934 wnnrnnusrnnu
1046 885 1223 935 snournn.
1337 871 1401 938 279

355 1079 373 1108 ‘⁶
396 1077 432 1139 et
454 1071 636 1160 supplicare
657 1077 777 1140 vestrm
792 1073 980 1152 Sanctitati
1002 1079 1042 1140 ut
1064 1073 1167 1139 libeat
1190 1073 1307 1159 mojori
1329 1093 1404 1140 auo·
1416 1089 1485 1142 Am.
1499 1093 1570 1144 reor.

356 1183 374 1212 ‘⁴
395 1175 532 1241 toritete
564 1175 694 1257 fulciri;
732 1176 814 1256 dico,
844 1181 1006 1263 quantum
1032 1177 1176 1263 pertinet
1206 1175 1249 1240 ud
1278 1176 1404 1240 anima-

357 1287 470 1344 “rum
494 1279 644 1361 sulutem,
675 1283 710 1345 et
738 1279 974 1366 protectionem
1004 1279 1082 1345 fidei
1112 1279 1315 1358 Christiana,
1344 1300 1404 1365 pro
1467 1343 1470 1350 .

357 1388 375 1416 “
397 1380 502 1468 glorie
516 1386 550 1446 et
572 1380 695 1447 honore
718 1382 863 1448 nominis
883 1381 988 1462 Illius,
1013 1383 1101 1468 quod
1123 1386 1173 1447 est
1197 1403 1295 1468 super
1309 1403 1405 1450 omno

356 1491 374 1518 “
395 1504 524 1560 nomen,
563 1483 688 1550 Christi
726 1484 852 1566 Ihosu3
898 1484 965 1565 Qui
1002 1485 1222 1552 Sanctitatem
1260 1490 1404 1550 vestram

358 1585 556 1674 “dignetur
585 1586 725 1655 feliciter
755 1609 948 1654 conservare
978 1588 1131 1654 Ecclesiae
1170 1587 1301 1654 Sanctoe
1338 1609 1406 1654 suae

357 1694 376 1724 “
398 1711 456 1777 per
479 1695 627 1778 tempora
649 1691 802 1778 longiora
850 1689 903 1754 Ex
927 1690 1136 1774 Selecheuen,
1160 1711 1247 1781 anno
1270 1690 1406 1756 Domini

357 1800 375 1827 “
398 1793 573 1859 millesimo
618 1793 941 1881 quadringentesimo
987 1793 1258 1881 quinquagesimo
1302 1799 1405 1870 sexto,

358 1900 376 1932 “
398 1895 519 1962 mensis
540 1896 625 1963 Julii
648 1895 702 1962 die
723 1896 876 1963 vicesimo
897 1895 1027 1962 terti0.''

359 2345 558 2414 ¹Proccccuc
583 2347 765 2434 soporum
780 2346 1017 2434 abjurationis,
1037 2349 1141 2436 sootce
1158 2369 1223 2436 per
1244 2347 1407 2433 Repueol-

445 2449 532 2518 ‹ium
554 2449 671 2532 Peleoi,
701 2451 910 2538 Episcopum
935 2451 1172 2532 Oieislreuscm,
1200 2450 1244 2516 io
1263 2449 1407 2536 publico

444 2552 634 2634 audientia,
672 2553 770 2640 opud
803 2553 945 2620 crucem
973 2553 1096 2620 Sancti
1129 2553 1247 2632 Pauli,
1273 2551 1405 2618 Londo-

443 2657 602 2735 oc'urwn,
636 2665 777 2744 propter
812 2679 947 2744 mcccc,
982 2656 1140 2742 perfidae,
1172 2663 1202 2722 et
1226 2677 1406 2742 perversae,

445 2759 632 2847 opibaioswc,
653 2782 739 2848 quos
762 2759 908 2840 scribere,
932 2759 1053 2840 docere,
1069 2766 1100 2825 et
1119 2757 1304 2846 publicare,
1315 2781 1406 2846 proc·

445 2869 636 2949 sumpecrot
657 2862 820 2928 mutabili
838 2863 977 2949 populo,
1000 2870 1030 2929 et
1044 2861 1219 2950 fluitanti.

400 3063 523 3130 ²Anno
547 3065 655 3130 adhuc
678 3069 713 3129 et
739 3064 845 3130 adhue
869 3063 1017 3142 ultoriae,
1041 3065 1105 3130 isto
1131 3069 1287 3150 tempore,
1314 3062 1403 3129 vide·
1417 3081 1534 3132 nonies
1548 3083 1577 3134 of

355 3167 440 3244 lieet,
456 3167 522 3246 illo,
537 3189 601 3253 quo
627 3166 683 3232 Sol
698 3189 719 3233 a
742 3168 851 3233 medio
874 3167 950 3232 eoeli
974 3165 1213 3248 'descenderet
1229 3167 1402 3252 stabatque
1416 3148 1541 3266 ffld

355 3292 437 3357 pene
460 3272 496 3336 in
510 3269 677 3356 ‘hyemali
701 3269 844 3336 solstitio
868 3291 935 3352 suo,
951 3269 1133 3336 insurrexit
1155 3270 1243 3335 infra
1264 3292 1401 3356 regnum
1417 3254 1556 3360 Bishop'of

354 3372 445 3438 istud
482 3374 597 3440 doctor
633 3373 769 3460 quidam
806 3372 964 3440 doctrines
1000 3372 1143 3459 perfidos,
1177 3372 1403 3460 opinionisque
1418 3349 1571 3402 cmm·

354 3497 525 3562 perversae,
556 3475 741 3563 praesularis
771 3480 884 3542 tamen
915 3476 1098 3563 dignitatis,
1128 3499 1166 3542 ec
1194 3475 1404 3542 cathedratus

354 3579 391 3643 in
412 3578 557 3645 Ecclesia
579 3577 805 3660 ⁵Oicestrensi,
836 3581 968 3644 nomine
999 3585 1034 3644 et
1056 3580 1247 3665 cognomine
1278 3577 1404 3664 “Regi-

356 3687 374 3715 “
397 3681 515 3747 naldus
553 3680 691 3746 Pecok”
728 3688 944 3768 nuncupatus.
991 3681 1066 3762 Qui,
1103 3681 1180 3746 licet
1218 3681 1261 3745 ad
1299 3681 1404 3746 instar

355 3785 504 3870 pavonis,
527 3787 597 3848 tam
619 3783 718 3848 vultu
744 3804 845 3869 quem
869 3788 974 3870 gestu,
1005 3805 1128 3871 pennas
1157 3783 1294 3849 haberet
1323 3783 1404 3848 satis

355 3884 550 3974 splendidas,
581 3884 754 3972 locatoque
784 3907 842 3950 suo
872 3886 978 3952 colore
1007 3885 1243 3972 complacentes
1279 3884 1402 3963 multis,

355 3987 602 4076 “publicatione
632 3993 752 4070 temen,
784 3995 818 4054 et
847 3989 1082 4078 propalatione,
1106 4009 1240 4074 operum
1270 4007 1399 4052 suorum

355 4096 389 4156 et
423 4090 622 4177 opinionum,
653 4111 765 4155 vocem
800 4089 943 4156 habebat
976 4090 1012 4154 in
1046 4094 1179 4155 tuntum
1213 4087 1401 4165 terribilem,

389 4375 472 4426 ¹This
494 4383 609 4438 account,
630 4374 656 4422 in
678 4374 803 4424 reference
829 4383 856 4424 to
935 4373 1111 4424 ³deaceaderae
1134 4375 1161 4424 in
1181 4375 1291 4436 Heame,
1312 4371 1401 4423 Circa.

359 4457 454 4520 Bishop
469 4454 594 4516 Peecock‚
611 4453 657 4504 hes
676 4455 739 4503 been
759 4453 857 4517 printed
906 4453 1008 4505 Walter-i
1018 4453 1187 4521 Hembrpscrd,
1199 4453 1248 4503 vol.
1260 4453 1285 4503 ii.
1297 4467 1321 4518 p.
1333 4457 1390 4502 490.

356 4539 391 4601 by
411 4535 520 4597 Hesme,
539 4532 566 4583 in
584 4531 625 4583 his
642 4531 735 4583 edition
754 4532 784 4582 of
803 4531 855 4582 He·
931 4531 1076 4598 ⁴yenuliin
1088 4533 1144 4585 ΜΒ.

354 4615 490 4680 minglortt
932 4613 1257 4664 ⁵Cc'os'atmsiinHes1-ns.

387 4690 773 4754 ’Theflrstletterisomitted3
786 4698 813 4743 to
823 4693 854 4742 be
932 4691 1221 4759 “puplioctioncinlffi

354 4773 468 4839 supplied
477 4773 506 4823 in
516 4768 689 4823 illuminatior.
