3588 5838
471 891 646 946 romulis
666 891 953 946 usmumsrunu
973 893 1151 946 ssourun
1288 874 1333 948 87

286 1085 305 1116 “
326 1080 463 1148 tandem
491 1079 696 1169 temporibus
725 1080 854 1146 censuit
881 1080 1180 1148 consummandum.
1228 1077 1333 1164 Cujus
1343 1095 1492 1147 nnius

286 1187 305 1218 “
327 1203 419 1249 sacre
446 1183 595 1272 vestigia,
617 1204 677 1270 pro
706 1187 830 1250 nostres
859 1183 1058 1250 modicitatis
1080 1183 1217 1264 viribus,
1240 1178 1334 1267 sequi

286 1287 508 1372 “saeuique
539 1285 716 1373 cupientes
751 1284 995 1352 considerantes
1023 1285 1196 1373 plerosque
1234 1283 1334 1370 ligeo-

287 1395 306 1424 “
326 1409 400 1456 rum
417 1411 456 1456 ac
477 1389 686 1456 subditorum
708 1393 896 1456 nostrorum
918 1388 955 1454 in
970 1389 1109 1455 disemis
1126 1388 1226 1474 hujus
1240 1384 1335 1474 regni

287 1497 310 1531 ⁴⁴·
326 1491 433 1558 nostri
454 1491 615 1579 pertibus,
638 1495 752 1557 eontm
773 1491 881 1558 Deum
904 1495 938 1558 et
955 1490 1131 1577 justitiam,
1154 1513 1193 1556 eo
1221 1493 1335 1556 eontra

288 1601 305 1628 “
327 1592 524 1681 dignitatem
538 1597 695 1674 nostram,
711 1597 746 1659 et
763 1590 1017 1660 ¹euctoritetem
1038 1597 1185 1659 nostram
1200 1591 1334 1678 regiam,

288 1702 306 1730 “
327 1717 366 1760 ec
398 1695 555 1762 adversus
587 1693 864 1781 tranquillitatem
897 1701 931 1762 et
963 1717 1076 1783 pacem
1107 1694 1206 1782 hujus
1241 1691 1336 1780 regni

290 1803 308 1832 ‘⁴
328 1797 443 1877 nostri,
458 1802 493 1864 et
506 1796 696 1886 reipublicoe
717 1797 814 1864 nobis
828 1798 1018 1878 commissas,
1033 1798 1070 1864 in
1091 1797 1198 1864 nostri
1211 1797 1337 1882 legum·

290 1906 394 1988 “que
419 1907 605 1967 nostrarum
635 1905 870 1988 contemptum,
894 1901 1123 1989 multipliciter
1154 1899 1336 1976 offendisse,

289 2011 308 2040 “
329 2004 493 2090 quosdam,
508 2003 672 2085 videlicet,
689 2005 833 2070 enormia
855 2008 956 2092 etque
977 2004 1101 2092 grevia,
1117 2003 1199 2070 alios
1213 2001 1338 2068 leviora

291 2111 309 2142 “
330 2105 468 2172 erimina
489 2109 589 2192 atque
612 2105 741 2184 delicta,
762 2107 991 2193 perpetrando,
1013 2111 1049 2172 et
1071 2105 1192 2172 ideirco
1214 2111 1338 2172 nostrus

289 2209 519 2275 “severitatis
550 2213 584 2276 et
614 2208 841 2296 castigationis
870 2210 999 2276 aculeos
1022 2211 1141 2276 merito
1163 2207 1338 2275 sormidam

292 2317 310 2351 ‘⁶
333 2311 585 2390 debere-Nos,
595 2331 793 2399 quenquam,
802 2315 937 2400 propter
950 2331 1063 2380 eorum
1077 2311 1337 2391 multitudinem,

292 2415 587 2482 “misericorditer
624 2435 699 2480 eum
737 2415 785 2480 eis
826 2416 991 2502 agendum
1030 2415 1338 2496 existimaverimus,

291 2524 313 2558 “
333 2539 401 2584 non
432 2521 545 2583 tamen
570 2515 734 2604 praecipiti
764 2515 819 2582 vel
847 2517 1027 2582 immatura
1056 2517 1267 2584 festinatione
1295 2515 1339 2582 ed

293 2629 311 2658 ⁴⁴
332 2621 393 2686 hoc
423 2619 581 2686 duximus
610 2617 863 2707 procedendum,
893 2617 1110 2706 ”quinimmo
1139 2619 1339 2713 remissionis

292 2731 310 2760 “
332 2721 529 2810 hujusmodi,
559 2743 599 2787 ao
628 2721 876 2808 perdonationis
905 2727 1035 2802 nostrae,
1067 2721 1275 2810 largitionem
1305 2725 1340 2788 et

291 2835 310 2864 “
331 2826 474 2914 gretiem
496 2823 657 2890 adventui
673 2845 773 2890 sacrae
788 2823 855 2890 diei
870 2824 1074 2903 Pereeceues,
1088 2824 1253 2907 videlieet,
1268 2846 1339 2912 sep-

291 2928 407 2994 “timi
434 2926 501 2993 diei
523 2926 650 3014 Aprilis
671 2927 790 2994 ultimo
812 2927 984 3015 praeteriti,
1012 2927 1216 2994 decrevimus
1237 2947 1339 2992 reser-

292 3037 310 3068 “
333 3029 489 3108 vandum,
511 3035 551 3095 ut
573 3029 765 3115 sequidem
779 3029 833 3096 die
854 3029 1054 3096 remissionis
1069 3035 1103 3097 et
1122 3029 1340 3118 indulgentiae

292 3143 311 3174 “
333 3137 453 3200 nostrae
475 3131 664 3220 largitatem
674 3129 688 3170 ³
698 3132 950 3218 impartiremur,
965 3153 1031 3218 qua
1045 3131 1248 3220 Redemptor
1265 3153 1340 3198 nos-

293 3240 387 3303 “ter
408 3234 645 3320 amplissimum
667 3239 703 3301 et
721 3233 954 3302 inaestimabile
975 3256 1043 3302 suae
1065 3235 1284 3302 miserationis
1306 3239 1342 3300 et

292 3346 313 3378 ‘¹
333 3337 549 3426 indulgentie
563 3335 758 3402 beneficium
775 3336 930 3404 universo
952 3338 1065 3426 generi
1086 3338 1241 3420 humano,
1256 3337 1341 3402 miro

293 3448 312 3480 ‘¹
334 3440 477 3529 quodam
499 3444 534 3505 et
555 3437 715 3504 ineffabili
737 3438 946 3506 liberalitatis
968 3445 1003 3506 et
1022 3440 1259 3508 munificentiae
1272 3461 1341 3506 suee

294 3553 315 3583 “
335 3543 442 3622 modo,
465 3542 653 3608 decreverat
674 3541 890 3630 largiendum.
935 3541 1068 3608 Horum
1089 3543 1194 3631 igitur
1222 3544 1278 3630 pia
1307 3547 1342 3608 et

294 3654 314 3685 “
335 3645 487 3734 religiosa
508 3644 766 3710 consideratione
788 3646 938 3732 permoti,
961 3645 1003 3713 ob
1025 3645 1089 3712 Dei
1113 3647 1341 3726 reverentiam,

294 3757 314 3788 “
336 3746 642 3838 gloriosissimeque
664 3746 821 3834 Virginis,
843 3747 1019 3814 Genitrieis
1050 3769 1126 3830 suae,
1151 3747 1276 3829 Mariae,
1305 3749 1342 3813 in

294 3857 313 3889 “
335 3851 430 3938 eujus
450 3848 581 3915 laudem
596 3853 632 3915 et
652 3848 809 3915 honorem
825 3847 1046 3937 (lollegiorum
1063 3853 1251 3916 nostrorum
1266 3852 1341 3915 fun-

296 3953 486 4020 “dationes
517 3950 690 4029 ereximus,
712 3955 748 4016 et
776 3950 813 4014 in
844 3971 951 4037 quam,
983 3955 1059 4039 post
1089 3951 1206 4031 Deum,
1236 3957 1343 4020 totam

295 4066 313 4094 ‘⁴
336 4077 426 4144 spem
455 4059 603 4121 nostram
628 4052 840 4140 praefiximus,
875 4076 914 4120 ae
942 4054 1111 4143 proedictae
1140 4075 1239 4122 sacrae
1277 4055 1343 4121 diei

294 4165 314 4198 “
336 4159 539 4238 Perasceues,
554 4155 709 4222 universo
731 4155 845 4242 generi
872 4156 1018 4222 humeno
1040 4156 1224 4244 specialiter
1246 4178 1342 4224 vene-

297 4267 315 4300 “
337 4259 459 4339 rendse,
476 4258 581 4347 ipsius
597 4256 827 4345 Redemptoris
849 4259 965 4338 nostri,
981 4263 1145 4346 quatenus
1167 4257 1344 4326 sufficimus

296 4371 315 4402 “
336 4368 373 4430 et
400 4361 556 4441 valemus,
590 4359 776 4448 exemplum
807 4361 943 4428 imitari·
967 4361 1125 4444 volentes,
1157 4360 1199 4426 de
1234 4363 1344 4450 gratie

295 4475 314 4504 ‘⁴
336 4469 450 4533 nostra
475 4462 617 4551 speciali,
644 4467 679 4528 et
711 4483 755 4528 ex
786 4467 876 4530 certa
907 4463 1045 4530 seientia
1074 4467 1109 4529 et
1134 4483 1223 4532 mero
1250 4471 1345 4533 motu

332 4763 542 4815 ¹auuriratsmin
553 4762 610 4816 MS.
877 4763 1180 4829 3ιίιραινῑίνιῑιιιιινἰιιΜΒ.

331 4845 342 4878 ²
353 4847 463 4910 quinymo
473 4843 502 4894 iu
513 4843 567 4896 MS.
