3588 5838
449 875 492 940 68
779 889 975 941 nnclsrnuu
997 891 1154 942 sensnm

280 1087 350 1142 sn.
360 1093 433 1139 usa
497 1071 542 1137 Et
564 1073 703 1152 modos
693 1095 729 1139 ιιι
761 1075 901 1140 crastino
935 1075 1037 1142 clausi
1069 1074 1204 1141 Paschae
1237 1075 1299 1140 hoo
1332 1071 1493 1147 Termino,

281 1179 436 1231 TheAbbot
452 1176 547 1240 venit
569 1174 622 1240 hic
642 1175 811 1242 Johaunes
826 1176 1103 1258 Wbethamstede,
1118 1197 1206 1242 nuno
1227 1175 1341 1241 Abbas
1364 1175 1496 1239 Mones·

279 1247 530 1364 {timitem
563 1275 677 1342 Sancti
702 1277 826 1343 Albani
859 1279 1017 1366 praedicti,
1040 1301 1098 1367 per
1120 1277 1302 1345 Henricum
1324 1275 1496 1362 Lyndeby,

278 1393 337 1444 ιι·
454 1382 663 1445 attornatum
698 1399 819 1462 suum3
849 1386 885 1446 et
914 1381 995 1447 dicit
1025 1381 1153 1467 quod'
1143 1401 1213 1467 ipse
1242 1379 1284 1445 de
1312 1399 1432 1444 novem
1461 1379 1496 1441 et

454 1482 564 1548 decem
593 1481 686 1546 libris
716 1487 751 1548 et
780 1483 952 1549 duodecim
982 1483 1095 1550 solidis
1124 1481 1322 1570 supradietis
1352 1479 1495 1547 Domino

454 1584 538 1673 Regi
558 1583 762 1671 respondere,
786 1588 845 1650 eut
867 1585 1061 1667 satisfacere,
1084 1604 1153 1651 non
1174 1583 1279 1650 debet

279 1705 443 1770 ΗιιΔιιιιοι,
499 1685 587 1769 Quia
612 1685 695 1752 dicit
724 1686 814 1773 quod
844 1687 1008 1754 Dominus
1037 1682 1111 1752 Rex
1139 1704 1236 1763 nuno,
1265 1706 1323 1773 per
1352 1684 1496 1750 Litteras

282 1839 440 1984 ιιΕ
327 1773 727 1958 {tristis
737 1788 1138 1972 ιῖιῗιῖἱιὲῗῖἱῖἒ
1150 1810 1320 1977 tit
1337 1786 1498 1954 tut

280 1972 434 2104 „ffiyt'
453 1993 601 2082 septimo,
616 1993 757 2059 recitans
773 2015 885 2080 proco
900 1992 988 2080 quod
1015 1993 1175 2059 nonnulla
1196 1992 1317 2078 jocalia
1342 1998 1376 2058 et
1401 2011 1496 2056 orna·

281 2104 325 2154 the
335 2105 433 2156 hans
453 2102 567 2163 menta
584 2095 778 2162 dilectorum
801 2095 865 2169 sibi
885 2096 1030 2161 Abbatis
1049 2101 1085 2162 et
1115 2095 1304 2162 Conventus
1334 2093 1496 2170 Ecclesiae,

280 2171 431 2288 ἷζῖζὲ
453 2200 524 2266 sive
544 2197 745 2276 Monasterii,
765 2197 878 2264 Sancti
898 2198 1022 2264 Albani
1041 2199 1202 2286 praedieti,
1224 2219 1299 2284 qum
1320 2217 1425 2284 nuper
1438 2217 1497 2283 per

279 2306 325 2355 ner
339 2309 410 2357 ¹⁴⁴³·
453 2301 629 2392 quamdam
658 2299 871 2365 indenturam
900 2300 979 2366 inde
1008 2300 1098 2367 inter
1126 2323 1181 2366 eos
1207 2304 1241 2366 et
1270 2298 1493 2379 Humfridum,

453 2426 558 2493 nuper
572 2403 698 2469 Ducem
713 2402 934 2482 Glouoestriae,
949 2403 1141 2483 confectam,
1158 2403 1249 2490 cujus
1269 2402 1406 2469 alteram
1421 2423 1496 2488 pur-

452 2515 530 2589 tem,
551 2507 660 2594 sigillo
678 2504 829 2592 praedioti
851 2527 956 2592 nuper
971 2506 1073 2572 Ducis
1094 2507 1266 2594 signatum,
1281 2510 1316 2572 et
1330 2505 1496 2571 carissimo

452 2610 691 2698 consanguineo
715 2628 783 2687 suo,
805 2605 979 2690 Willelmo,
994 2607 1102 2674 ¹Duci
1126 2607 1320 2689 Sufl'olohiae,
1336 2629 1374 2673 ac
1396 2629 1496 2674 vene-

451 2711 551 2792 rabili
573 2711 669 2800 patri,
693 2709 869 2791 Willelmo,
895 2710 1055 2798 Episcopo
1077 2711 1318 2798 Wyntoniensi,
1333 2730 1438 2797 nuper
1458 2711 1496 2775 in

451 2814 593 2903 quodam
616 2817 770 2893 traatmu,
797 2813 1073 2900 permundatum
1103 2833 1208 2895 suum,
1233 2835 1275 2878 ex
1304 2817 1398 2901 perte
1428 2834 1495 2892 sua,

450 2938 526 2984 oum
548 2915 703 2982 Johonne
730 2914 859 2996 Stokes,
885 2920 966 2981 tune
988 2914 1130 2993 Abbate,
1149 2919 1185 2982 et
1208 2913 1394 2997 Conventa,
1425 2937 1494 2980 mo·

449 3019 588 3084 nasterii
614 3017 773 3106 prsedicti,
795 3039 855 3104 pro
873 3015 1035 3103 jocalibus
1056 3017 1224 3105 praediotis
1247 3016 1371 3096 habito,
1387 3022 1496 3084 oeten·

451 3143 530 3202 sam,
545 3119 700 3207 inspexit,
714 3119 857 3185 liberata
878 3118 1013 3185 fuerunt
1039 3119 1146 3186 eidem
1166 3119 1251 3186 Duci
1273 3119 1491 3199 Glouoestriae,

451 3222 494 3288 ad
531 3243 612 3309 opus
642 3211 819 3286 eorundem
856 3225 891 3288 et
926 3221 1120 3288 Conventus
1150 3221 1241 3287 sulvo
1271 3221 1496 3302 custodienda,

450 3327 551 3411 prout
572 3321 637 3388 sibi
658 3326 789 3388 constat
810 3344 870 3409 per
891 3322 1103 3390 indenturam
1129 3323 1231 3404 illam,
1258 3329 1332 3411 post
1354 3329 1494 3392 mortem

450 3424 602 3514 praedieti
638 3445 743 3510 nuper
779 3423 883 3490 Ducis
915 3424 1135 3504 Glouoestrioe,
1166 3447 1225 3514 per
1256 3427 1495 3493 concessionem

451 3549 546 3594 suam
567 3525 611 3592 ud
634 3525 779 3614 collegia
800 3548 861 3594 sua
882 3528 1004 3615 regulia
1026 3527 1067 3594 de
1090 3528 1178 3594 Eton
1200 3532 1236 3594 et
1260 3527 1495 3619 Oentebriggia

451 3630 664 3710 devenerim,
687 3628 820 3710 ibidem,
837 3627 939 3716 juxta
961 3630 1202 3697 ordinationem
1225 3653 1328 3714 suam,
1352 3629 1409 3697 2in
1423 3655 1496 3720 per-

451 3736 588 3820 petuum
610 3752 830 3818 permansura

497 3833 593 3913 Item,
615 3833 778 3900 Dominus
802 3834 885 3913 Rex,
907 3834 1055 3922 praefatis
1082 3856 1187 3922 nuper
1201 3835 1328 3902 Abbati
1350 3841 1386 3902 et
1408 3835 1494 3904 Gon·

451 3936 568 4004 ventui
590 3934 846 4002 satisfactionem
868 3935 945 4002 inde
969 3937 1167 4025 condignam
1188 3938 1293 4004 iacere
1314 3937 1438 4019 volens,
1453 3941 1493 4007 de

451 4041 560 4129 grstia
588 4059 649 4104 sua
677 4038 818 4126 specieli,
841 4043 876 4104 et
902 4039 943 4104 de
974 4039 1178 4106 avisameuto
1200 4039 1339 4106 Concilii
1361 4042 1421 4121 sui,
1451 4043 1493 4108 ad

451 4141 581 4209 laudem
603 4147 639 4207 et
667 4140 824 4206 honorem
847 4140 919 4218 Dei,
942 4139 1056 4206 Beatus
1078 4141 1225 4229 Virginis
1247 4142 1372 4223 Man'ae,
1392 4149 1428 4211 et
1450 4146 1493 4212 ob

451 4245 623 4334 specialem
645 4243 854 4310 devotionem
876 4265 976 4331 quam
999 4245 1042 4311 ad
1064 4245 1191 4311 dictum
1212 4245 1372 4314 Sanctum
1392 4248 1494 4316 Albe·

450 4371 540 4430 num,
561 4347 656 4436 regni
682 4346 813 4434 Angliae
842 4343 1158 4433 'Protomartyrem
1187 4349 1274 4435 gerit
1305 4355 1340 4416 et
1372 4351 1492 4436 habet;

450 4471 578 4517 necnon
598 4451 636 4514 in
657 4449 988 4536 recompensationem
1013 4453 1048 4516 et
1062 4449 1322 4518 satisfactionem
1332 4453 1492 4539 jocalium
