3560 5838
486 871 550 941 478
863 885 1041 938 arsuram
1064 869 1124 955 (a).

483 1071 666 1161 specialiter
689 1070 798 1159 1[per]
824 1091 921 1138 omne
946 1076 1077 1157 tempus
1100 1069 1258 1148 dicenda.;
1278 1089 1339 1155 pro
1362 1089 1429 1156 qua
1451 1067 1531 1134 cele-

483 1177 581 1242 brans
603 1173 751 1240 denarios
774 1173 918 1261 quinque
944 1169 1117 1258 'quolibet
1146 1171 1199 1238 die
1228 1171 1371 1258 accipiet
1420 1171 1531 1257 Hujus

484 1299 562 1342 vero
576 1277 723 1363 impensa
745 1281 779 1340 et
796 1279 947 1362 sumptus
962 1273 1006 1340 ad
1027 1295 1189 1342 summam
1212 1277 1345 1340 centum
1367 1272 1531 1338 librarum

488 1401 522 1444 se
545 1377 704 1444 extendit.

528 1480 625 1558 Item,
648 1478 746 1544 unius
767 1478 875 1544 mitrae
905 1499 963 1565 pro
992 1477 1140 1558 artificio,
1167 1483 1201 1544 et
1224 1476 1350 1543 duobus
1382 1497 1442 1563 pro
1473 1477 1530 1542 ba·

485 1581 565 1647 cudis
587 1578 811 1667 pastoralibus,
833 1578 934 1645 libras
956 1579 1130 1666 sexaginta
1153 1577 1333 1664 persolvit.

530 1683 625 1762 Item,
641 1704 700 1770 pro
716 1681 856 1769 (lapellae
871 1687 906 1747 et
920 1679 1106 1768 Sepulturae
1128 1701 1196 1746 suae
1210 1679 1359 1746 Australi
1374 1681 1410 1746 in
1425 1685 1518 1767 parte

485 1785 645 1863 Ecclesia,
664 1785 766 1870 juxta
785 1805 949 1849 summum
962 1783 1074 1862 altare,
1089 1782 1316 1862 aedificatione,
1332 1804 1406 1848 cum
1425 1783 1526 1849 ferra·

485 1887 605 1952 mentis
627 1885 771 1973 ejusdem
793 1885 1116 1964 convenientissimis,
1138 1889 1173 1950 et
1193 1883 1303 1970 lapide
1334 1905 1525 1962 mmmcreo,

484 2009 617 2074 corpore
641 1987 852 2076 superposito,
875 2008 949 2052 cum
971 1987 1096 2052 caeteris
1121 1986 1223 2072 ipsius
1249 1985 1393 2073 Capellae
1422 2007 1520 2051 orna-

486 2089 613 2168 mentis,
637 2088 738 2155 libras
760 2089 992 2176 sterlingorum
1014 2095 1146 2154 centum
1169 2087 1341 2176 persolvit.
1370 2116 1374 2124 ·

529 2190 702 2268 Praeteree‚
732 2212 800 2256 non
830 2191 1034 2258 immemores
1072 2211 1140 2256 esse
1170 2190 1334 2271 debemus,
1370 2195 1452 2277 quot
1490 2196 1524 2256 et

485 2299 625 2380 quantae
647 2292 856 2380 gravissimas
878 2313 1036 2379 expensas
1057 2298 1093 2358 et
1115 2313 1214 2384 onera
1235 2293 1381 2360 maxima
1402 2313 1463 2358 sua
1492 2293 1529 2358 in

484 2399 651 2462 senectute
672 2394 874 2472 sustinuerit,
893 2415 968 2460 cum
990 2398 1105 2460 contra
1126 2393 1417 2482 Archiepisccpum
1440 2393 1528 2461 Oan-

485 2498 610 2575 tuariae,
626 2502 660 2563 et
678 2496 836 2584 Magnum
856 2497 986 2583 Angliae
1008 2495 1254 2576 (lancellarium,
1278 2517 1336 2584 pro
1361 2498 1526 2564 libertati·

485 2600 548 2664 bus
577 2605 611 2664 et
640 2599 905 2664 immunitatibus
938 2599 1036 2684 hujus
1067 2597 1260 2665 Monasterii
1298 2599 1522 2681 defendendis,

487 2701 662 2790 diligenter
692 2707 811 2790 ageret,
843 2705 982 2780 etcum
1012 2697 1102 2764 illius
1136 2702 1294 2788 potentiae
1327 2709 1363 2767 et
1395 2703 1525 2789 maguis

486 2803 612 2870 viribus
642 2804 774 2869 fortiter
805 2809 839 2869 et
870 2801 1010 2869 viriliter
1042 2803 1209 2882 restiterit,
1243 2803 1381 2869 Romam
1414 2825 1518 2892 iusque

448 2945 453 2956 ·
484 2906 684 2993 appellavit;
706 2927 802 2972 suum
823 2903 1027 2982 monachum,
1051 2905 1247 2987 Jobauncm
1271 2906 1402 2984 scilicet,
1419 2905 1523 2973 Thor-

487 3015 557 3086 tun,
581 3009 720 3074 Romam
742 3008 842 3086 misit,
856 3008 965 3094 ipsum
982 3006 1277 3095 Archiepiscopum,
1294 3007 1530 3096 Decanumqne

486 3131 584 3176 suum
598 3110 640 3176 de
658 3107 839 3191 ³Arcubus,
854 3109 999 3174 animose
1014 3109 1139 3176 citavit.
1185 3110 1297 3195 Atque
1312 3111 1449 3176 tandem
1472 3134 1530 3200 op·

487 3213 589 3278 timus
618 3218 652 3278 et
681 3211 968 3278 reverendissimus
989 3216 1101 3276 noster
1123 3210 1228 3289 Pater,
1251 3218 1285 3276 et
1310 3211 1423 3278 Abbas
1457 3213 1530 3302 dig·

488 3314 649 3392 nissimus,
690 3314 906 3400 justissimam
947 3312 1119 3379 victoriam
1163 3315 1356 3399 reportavit,
1401 3336 1531 3382 necnon

487 3423 601 3484 nostra
629 3416 802 3504 privilegia
831 3416 942 3481 omnia
969 3415 1073 3481 illaesa
1102 3420 1136 3481 et
1165 3415 1333 3494 inviolata,
1373 3417 1457 3504 (Deo
1493 3424 1529 3485 ct

487 3517 610 3583 Sancto
624 3516 763 3600 Albano,
777 3523 890 3582 nostro
912 3538 1038 3604 semper
1051 3517 1106 3582 hic
1119 3521 1219 3604 atque
1233 3517 1355 3603 ubique
1371 3518 1524 3599 Patrono,

486 3619 595 3704 gratia
617 3619 682 3704 sit)
706 3639 779 3683 cum
802 3623 914 3684 nostro
937 3639 1056 3706 magno
1082 3619 1204 3685 honore
1226 3624 1262 3684 et
1283 3619 1415 3707 ingenti
1437 3623 1531 3688 utili-

489 3723 559 3784 tate
580 3719 734 3784 servavit

532 3821 579 3887 Et
599 3820 684 3886 illud
705 3842 841 3908 quoquc,
863 3821 951 3908 quod
974 3821 1116 3888 maxime
1145 3827 1180 3888 et
1202 3823 1367 3890 laudabile
1399 3830 1434 3891 ct
1464 3847 1532 3892 me·

488 3923 644 3990 morabile
662 3928 764 4003 extat,
779 3925 848 4010 ipse
871 3925 970 3990 Pater
991 3925 1143 4011 optimus,
1160 3930 1241 4012 post
1263 3930 1317 3992 tot
1339 3933 1440 4014 atque
1464 3933 1533 3994 tam
1583 3907 1592 3928 ’

488 4047 624 4114 magnos
648 4031 806 4114 sumptus,
828 4031 903 4113 post
932 4032 985 4092 tot
1014 4027 1273 4093 innumerabilia
1303 4029 1404 4094 etiam
1435 4051 1537 4096 onera

486 4150 555 4208 sua,
571 4128 631 4193 hoc
654 4127 888 4193 Monasterium
909 4127 1058 4206 liberum,
1080 4133 1116 4194 et
1131 4128 1202 4194 sine
1224 4129 1293 4194 ullo
1310 4131 1534 4200 minutissimo

485 4231 606 4309 debito,
621 4229 755 4315 reliquit
768 4255 776 4312 ;
800 4231 932 4296 tametsi
946 4237 1046 4296 antea
1064 4231 1188 4297 multos
1208 4253 1314 4298 annos
1336 4234 1373 4298 in
1387 4235 1535 4302 {edificiis

422 4325 426 4332 ⁴
484 4332 690 4410 fabricandis,
706 4337 739 4396 et
760 4331 797 4395 in
819 4332 1101 4418 placitationibus,
1125 4333 1303 4421 multisque
1330 4335 1403 4402 aliis
1424 4337 1534 4421 rebus,

484 4433 643 4521 grandem
665 4433 840 4498 admodum
862 4433 1042 4519 pecuniam,
1067 4440 1102 4501 et
1130 4435 1254 4501 honore
1280 4442 1315 4502 et
1339 4437 1535 4507 Monasterii

488 4536 650 4616 libertate,
672 4535 918 4622 consumpserit.

522 4723 762 4776 ¹0mittedinMS.
1062 4723 1322 4781 ¹ArotutuuinMB.

522 4801 747 4868 ’patariam
