3588 5838
423 870 465 934 62
756 881 954 932 anorsreurr
975 878 1133 931 anaema

253 1071 321 1124 al).
336 1073 439 1128 14⁵1.“
462 1089 521 1155 pro
537 1066 634 1134 dictis
649 1066 855 1146 monialibus,
867 1090 927 1155 pro
942 1089 980 1134 eo
995 1067 1084 1154 quod
1098 1068 1134 1132 in
1150 1067 1355 1132 concessione
1371 1065 1468 1132 dictae

421 1176 439 1205 “
461 1171 596 1238 decimae
619 1169 741 1237 eaedem
764 1171 922 1238 moniales
944 1175 1091 1258 exceptae
1109 1169 1246 1235 fuerunt
1260 1191 1281 1234 a
1304 1170 1467 1235 solutione

421 1278 440 1308 “
462 1274 608 1360 ejusdem
619 1265 761 1352 decirirae,
774 1277 809 1339 et
820 1273 996 1360 cujuslibet
1008 1273 1112 1360 partis
1127 1273 1213 1354 inde,
1223 1294 1280 1358 per
1291 1272 1467 1359 quemdem

420 1385 437 1410 “
459 1377 655 1462 petitionem
685 1376 789 1463 ipsius
811 1376 953 1443 Abbatis
979 1377 1057 1442 inde
1087 1374 1278 1456 confectam,
1300 1379 1335 1441 et
1357 1375 1411 1442 hic
1432 1375 1469 1439 in

422 1487 438 1513 “
461 1479 562 1545 Curia
576 1479 785 1558 residentem,
805 1484 921 1565 postea
935 1484 1137 1546 exoneratus
1152 1477 1225 1557 fuit,
1239 1483 1341 1566 prout
1355 1478 1389 1544 in
1406 1477 1467 1544 hoc

419 1588 437 1615 “
460 1579 628 1647 Scaccario
651 1581 757 1667 liquet
780 1581 821 1646 de
844 1580 988 1646 recordo.

466 1691 483 1721 ‘⁸
506 1685 553 1750 Et
574 1685 718 1771 insuper,
735 1681 824 1751 idem
846 1685 961 1750 Abbes
983 1683 1065 1750 dicit
1088 1707 1147 1770 pro
1169 1705 1207 1751 eo
1231 1684 1320 1771 quod
1334 1683 1403 1771 ipse
1419 1705 1468 1750 se-

420 1795 437 1822 “
460 1787 601 1852 cundem
616 1787 829 1852 medietatem
840 1787 976 1854 decimae
987 1787 1178 1875 praedictam
1190 1787 1227 1852 in
1237 1787 1467 1873 jurisdictione

419 1898 436 1925 “
458 1890 618 1978 praedicta
628 1890 760 1978 collegit
771 1896 805 1956 et
817 1890 953 1970 levavit
965 1895 999 1956 et
1010 1890 1117 1956 eidem
1129 1890 1272 1956 Domino
1284 1891 1369 1978 Regi
1379 1911 1468 1956 nunc

419 1999 436 2028 “
459 1993 538 2059 inde
553 1993 597 2058 ad
610 1993 672 2058 hoc
684 1993 890 2060 scaccarium
904 1992 1075 2080 respondit
1087 2017 1094 2073 ;
1110 2014 1238 2060 necnon
1253 1993 1339 2079 quod
1354 2015 1414 2080 pro
1429 2014 1467 2058 eo

419 2103 436 2130 “
460 2094 601 2183 ¹[quod]
626 2095 770 2183 quilibet
792 2095 946 2176 collector
968 2094 1151 2181 hujuslibet
1169 2096 1467 2184 integramente,

419 2203 437 2235 “
459 2197 549 2265 dicto
565 2198 709 2264 Domino
725 2199 810 2286 Regi
825 2221 921 2280 nunc,
937 2203 997 2265 aut
1012 2199 1277 2286 progenitoribus
1291 2199 1367 2278 suis,
1384 2198 1469 2286 regi·

418 2308 436 2334 “
458 2300 669 2387 busAngliae,
680 2301 893 2380 concessam
903 2301 1136 2387 jurisdictione
1147 2302 1305 2388 praedicta
1318 2301 1468 2381 levandae

418 2409 436 2436 “
458 2412 492 2468 et
506 2402 705 2490 colligendae,
718 2407 779 2490 pro
788 2402 978 2469 collectione
989 2402 1137 2489 ejusdem
1149 2403 1290 2482 decimae,
1306 2404 1467 2491 quinqua-

418 2513 437 2540 “
458 2506 555 2592 ginta
568 2510 636 2572 tres
650 2505 770 2572 solidos
785 2511 820 2571 et
834 2511 977 2593 quatuor
1000 2504 1159 2588 denarios,
1174 2511 1209 2571 et
1223 2506 1311 2592 quod
1328 2505 1467 2592 quilibet

418 2615 436 2645 “
459 2608 646 2695 hujusmodi
661 2608 814 2676 collector
829 2607 1004 2695 cujuslibet
1019 2607 1209 2674 medietatis
1220 2607 1363 2688 decimae,
1375 2609 1465 2676 dicto

419 2718 435 2747 ‘¹
459 2710 602 2778 Domino
625 2711 709 2799 Regi
731 2716 904 2791 nunaunt
926 2710 1192 2798 progenitoribus
1210 2711 1278 2778 suis
1293 2711 1465 2798 praedictis,

418 2821 435 2848 “
458 2836 626 2896 concessae,
639 2816 676 2880 in
691 2816 805 2882 eedem
811 2814 1043 2901 jurisdictione
1057 2813 1208 2881 levandae
1218 2818 1253 2880 et
1267 2815 1466 2902 colligendae,

420 2925 519 3005 “pro
545 2919 710 2986 levatione
740 2924 775 2985 et
803 2917 993 2985 collectione
1018 2917 1164 3002 ejusdem
1195 2917 1383 2984 medietatis
1413 2917 1467 2984 de·

419 3027 437 3056 “
460 3021 561 3100 cimae,
585 3021 708 3110 viginti
735 3043 795 3090 sex
820 3020 940 3087 solidos
964 3024 999 3086 et
1021 3025 1094 3086 octo
1124 3020 1283 3099 denarios,
1314 3020 1356 3087 de
1379 3020 1467 3086 dicto

418 3129 437 3158 “
460 3124 603 3191 Domino
626 3125 717 3212 Rege
732 3147 829 3204 nunc,
853 3129 888 3189 et
910 3121 1177 3210 progenitoribus
1200 3123 1268 3188 suis
1290 3123 1466 3210 praedictis,

419 3232 437 3261 ‘⁴
458 3227 587 3302 habere,
603 3233 638 3292 et
658 3228 695 3292 in
717 3225 869 3292 manibus
891 3225 996 3312 ipsius
1018 3225 1207 3308 collectoris,
1223 3227 1358 3292 nomine
1380 3226 1467 3292 feodi

418 3336 436 3364 “
458 3329 518 3408 sui,
534 3330 575 3394 de
598 3327 787 3414 hujusmodi
802 3327 937 3404 decima,
951 3333 1012 3393 aut
1031 3328 1212 3396 medietate
1234 3328 1377 3410 decimae,
1393 3351 1467 3417 pro-

420 3437 437 3468 “
459 3431 638 3508 venientes,
654 3431 806 3510 retinere,
824 3451 863 3496 uo
876 3430 956 3496 inde
978 3431 1015 3495 in
1037 3437 1188 3518 compoto
1202 3453 1262 3497 suo
1276 3431 1319 3497 ad
1335 3432 1465 3499 Scacca-

418 3541 436 3570 “
459 3535 546 3600 rium
575 3533 679 3620 ipsius
709 3533 844 3598 Domini
875 3533 985 3620 Regis,
1007 3539 1041 3600 et
1063 3534 1312 3623 progenitorum
1334 3557 1466 3602 suorum

418 3646 435 3672 “
457 3637 699 3724 praedictorum,
721 3635 863 3716 allocari,
882 3659 903 3701 a
925 3641 1073 3724 tempore
1095 3658 1162 3723 quo
1183 3639 1341 3704 memoria
1362 3639 1466 3704 homi·

418 3748 434 3774 “
457 3761 540 3804 num
569 3760 637 3806 non
667 3740 792 3822 existit,
815 3739 868 3805 usi
889 3738 1032 3822 filerunt,
1056 3745 1091 3806 et
1121 3739 1327 3822 debuerunt;
1355 3742 1464 3807 dictus

418 3849 435 3878 “
456 3842 571 3909 Abbas
602 3842 725 3930 viginti
756 3863 816 3909 sex
845 3843 967 3908 solidos
996 3847 1030 3908 et
1060 3847 1134 3908 octo
1163 3843 1326 3922 denarios,
1356 3847 1394 3909 ut
1424 3843 1466 3908 de

417 3952 436 3982 “
459 3946 603 4012 denariis
632 3945 906 4034 provenientibus
929 3946 969 4011 de
999 3944 1088 4010 dicta
1116 3945 1260 4012 secunda
1289 3945 1466 4012 medietate

418 4055 436 4084 “
458 4050 495 4114 in
517 4050 672 4116 manibus
695 4050 763 4116 suis
785 4048 927 4136 propriis
948 4047 1100 4113 similiter
1122 4047 1272 4129 retinuit,
1288 4053 1323 4114 et
1336 4047 1413 4114 inde
1428 4049 1465 4112 in

419 4160 435 4186 “
458 4158 609 4241 compoto
632 4173 692 4219 suo
714 4151 871 4240 praedicto
894 4149 948 4216 hic
969 4151 1012 4216 ad
1034 4149 1239 4216 muium
1261 4151 1464 4237 praedictum,

419 4261 436 4290 “
458 4277 498 4322 ea
519 4256 561 4321 de
583 4277 690 4335 cauea,
713 4256 872 4321 allocutus
894 4253 1020 4320 existit.
1066 4253 1149 4335 Qum
1164 4254 1296 4340 quidem
1320 4275 1466 4331 summe,

418 4364 436 4394 “
458 4358 494 4424 in
508 4358 612 4426 forma
634 4358 791 4446 praedicto
814 4361 962 4435 retentae,
985 4377 1112 4424 necnon
1135 4357 1225 4423 dicta
1241 4378 1370 4424 summa
1384 4361 1465 4423 tres-

418 4467 437 4496 “
459 4461 563 4527 decim
586 4461 762 4527 solidorum
783 4465 818 4534 et
841 4465 984 4545 quatuor
1007 4459 1223 4542 denariorum,
1245 4459 1282 4524 in
1304 4459 1466 4547 petitione

417 4570 435 4602 “
459 4563 618 4652 praedicte
639 4563 834 4651 specificata,
856 4562 901 4628 ed
923 4561 1114 4649 pmdictem
1140 4583 1302 4628 summam
1324 4563 1466 4651 triginta

416 4727 493 4734 ..-—.
505 4727 572 4733 ...—-
593 4725 744 4732 --—-—-
758 4725 890 4732 ------..-
907 4723 1135 4732 ——*.—-.
1151 4725 1219 4732 --...
1229 4726 1302 4732 ....-.-
1320 4726 1395 4732 ——-

820 4803 1055 4857 ¹0mittecinms
