3588 5838
466 907 640 960 consume
661 907 948 964 wnnrnsnsrnun
970 907 1148 958 sacunnn.
1283 890 1325 962 27

275 1097 383 1164 forms
405 1095 518 1164 debita
539 1095 723 1162 allooarcnt
750 1043 816 1161 ‘Et
837 1099 933 1162 tenor
953 1091 1110 1160 lesrtoe
1140 1089 1237 1158 istius
1266 1088 1320 1155 bic
1339 1101 1407 1155 An.
1420 1107 1493 1154 resa.

277 1199 498 1287 subsequitur,
521 1203 556 1264 et
578 1206 630 1266 est
652 1197 782 1266 talis.-

276 1434 428 1505 ¹0buotc
442 1435 666 1504 concessionis
688 1433 796 1522 repleo,
810 1455 915 1522 suaper
936 1432 1089 1500 Ecclesia
1106 1429 1325 1498 libeotcttooe.

324 1583 341 1610 “
356 1575 528 1653 Henrious,
551 1574 615 1641 Dei
644 1573 762 1662 gratia,
795 1574 868 1640 Rex
891 1573 1023 1660 Angliae
1045 1577 1080 1637 et
1103 1569 1262 1648 Franciae,
1293 1572 1328 1635 et
1341 1569 1446 1622 chana

278 1681 298 1713 s
320 1677 483 1744 Dominus
512 1678 694 1756 nasama,
718 1676 989 1764 archiepiscopis,
1014 1674 1194 1762 episeopis,
1215 1638 1485 1768 nasa-fflitssss

278 1789 298 1816 “
319 1781 418 1862 tibus,
441 1780 621 1860 Prioribus,
638 1779 795 1858 Ducibus,
812 1778 1007 1859 comitibus,
1022 1776 1216 1857 Beronibus,
1240 1777 1328 1841 Mili·
1341 1771 1434 1862 ossa,

277 1891 296 1920 “
319 1883 419 1962 tibus,
443 1888 478 1948 et
500 1883 653 1948 omnibus
675 1883 810 1948 ballivis
832 1887 865 1948 et
889 1881 1042 1947 fidelibus
1072 1880 1148 1958 suis,
1179 1881 1325 1946 salntem
1340 1837 1472 1954 ἓξὲξ.

277 1993 296 2021 “
319 1983 439 2050 Sciatis
461 1986 550 2071 quod
572 2007 632 2072 pro
662 2007 700 2050 co
731 1986 820 2071 quod
842 1983 1002 2050 nonnulla
1023 1981 1146 2070 jocalia
1168 1987 1202 2048 et
1232 2002 1329 2047 orna-
1341 1977 1397 2086 ξένη
1410 1972 1440 2052 ⁰f‚

278 2094 296 2122 “
318 2091 431 2152 mente
453 2086 647 2154 dilectorum
670 2086 765 2153 nobis
787 2086 930 2152 Abbatis
952 2091 987 2151 et
1009 2085 1203 2151 Conventus
1218 2084 1329 2150 Eccle-
1342 2053 1500 2155 caismos

279 2197 296 2225 “
319 2190 387 2266 siae,
410 2189 479 2255 sive
502 2188 706 2263 Monasterii,
729 2186 844 2254 Sancti
868 2187 1000 2267 Albani,
1023 2210 1097 2274 quae
1126 2209 1241 2274 nuper,
1272 2171 1485 2291 per¹⁴³l’⁸{{ld²⁸to

280 2299 297 2328 ‘⁴
320 2292 496 2379 qnamdam
519 2291 731 2357 indenturam
754 2291 832 2356 inde
855 2291 943 2356 iuter
964 2312 1019 2356 eos
1045 2254 1406 2368 et,llumfridun1,i⁸tran

280 2400 428 2481 “nuper
461 2393 587 2459 Ducem
610 2393 830 2472 Gloneestriae,
854 2394 1043 2474 confectam,
1072 2392 1164 2479 cujus
1194 2387 1411 2460 nummo-1³·
1426 2392 1497 2440 ¹4⁴⁸·

279 2505 299 2535 ‘¹
321 2504 451 2585 partem
487 2497 596 2586 sigillo
633 2497 783 2585 praedicti
820 2519 926 2584 nuper
957 2497 1060 2562 Ducis
1091 2497 1265 2586 signatam,
1299 2511 1333 2564 et

281 2610 299 2636 “
322 2601 492 2684 carissimo,
509 2600 749 2688 consanguineo
772 2605 887 2664 nostro
910 2599 1085 2680 Willelmo,
1109 2600 1195 2667 Duci
1210 2600 1333 2666 Suffol·

281 2711 299 2739 “
322 2703 413 2784 ehiae,
437 2723 475 2768 ac
497 2701 681 2767 venerabili
702 2702 791 2789 patri
817 2701 990 2782 Willelmo,
1014 2703 1175 2790 Episcopo
1190 2703 1332 2788 Wynto-

282 2815 301 2843 “
322 2804 439 2884 niensi,
470 2825 575 2890 nuper
611 2805 654 2869 in¹
685 2802 827 2889 quodam
860 2809 1008 2869 bactetu
1042 2827 1101 2890 per
1139 2805 1332 2870 mandatum

282 2917 300 2944 “
323 2911 484 2986 nostrum,
509 2927 551 2972 cx
583 2911 677 2992 parte
710 2911 833 2982 nostre,
867 2927 942 2970 enm
977 2905 1099 2971 eisdem
1130 2905 1264 2972 Abbate
1298 2910 1333 2971 et

282 3017 300 3046 “
323 3009 501 3077 Conventa
532 3030 592 3096 pro
618 3007 783 3095 jocalibus
813 3007 982 3095 praedictis
1011 3007 1136 3084 habito,
1158 3013 1332 3086 ostensam,

282 3118 304 3150 “
325 3112 540 3199 inspeximus,
563 3111 704 3177 liberata
725 3112 862 3176 fuerunt
884 3109 990 3175 eidem
1011 3109 1098 3174 Duci
1113 3110 1332 3192 Glaucestriae,

283 3221 302 3250 “
324 3215 368 3280 ad
390 3236 473 3301 opus
503 3214 681 3281 eorundem
703 3213 847 3279 Abbatis
871 3218 905 3278 et
928 3211 1120 3278 Conventus
1148 3213 1239 3279 selvo
1262 3235 1335 3280 cus·

284 3323 304 3352 “
325 3315 492 3395 todienda,
514 3321 614 3402 prout
636 3316 730 3381 nobis
753 3320 882 3382 constet
911 3337 970 3402 per
991 3314 1203 3381 indenturam
1233 3317 1334 3395 illam,

284 3427 303 3456 “
325 3423 402 3507 post
431 3425 572 3486 mortem
602 3418 706 3506 ipsius
736 3439 842 3506 nuper
872 3418 983 3496 Ducis,
1008 3439 1067 3504 per
1092 3419 1334 3486 concessionem

285 3528 303 3557 “
324 3525 471 3586 nostram
496 3521 539 3586 ad
564 3521 711 3608 Collegia
733 3527 847 3586 nostra
865 3520 990 3606 regalia
1010 3520 1051 3586 de
1074 3521 1184 3587 Etona
1199 3528 1234 3588 et
1249 3521 1335 3588 Can·

285 3629 304 3660 “
326 3622 491 3710 tebriggla
532 3623 751 3701 devenissent,
788 3622 921 3702 ibidem,
951 3622 1055 3709 juxte
1094 3625 1335 3692 ordinationem

285 3733 304 3762 “
326 3731 483 3805 nostram,
506 3723 569 3790 ³in
593 3729 790 3812 perpetuum
815 3727 1163 3813 permansura-Nos,
1185 3729 1334 3816 praefatis

285 3827 453 3894 “Abbati
477 3832 512 3894 et
538 3827 728 3894 Conventui
754 3827 1012 3894 satisfactionem
1035 3829 1112 3895 inde
1138 3831 1334 3918 condignam

284 3939 303 3966 ‘¹
325 3931 430 3996 facere
455 3930 614 4008 volentes,
641 3930 681 3996 de
709 3930 818 4018 gratis
842 3936 956 3995 nostra
978 3932 1119 4019 speciali,
1143 3939 1177 3998 et
1201 3935 1242 4000 de
1265 3935 1335 3998 avi-

286 4039 305 4067 “
326 4037 477 4098 semente
502 4031 642 4098 Consilii
668 4033 782 4111 nostri,
808 4033 852 4097 ed
877 4032 1009 4099 laudem
1033 4039 1068 4099 et
1092 4035 1248 4101 honorem
1263 4037 1335 4116 Dei,

286 4141 305 4170 “
327 4135 439 4201 Beatae
465 4133 613 4222 Virginis
640 4134 761 4214 Mariae,
789 4158 826 4201 ac
857 4136 899 4201 ob
928 4136 1101 4223 specialem
1128 4138 1335 4207 devotionem

285 4243 304 4272 “
326 4259 423 4324 quam
462 4237 506 4302 ad
537 4236 663 4302 dictum
699 4236 858 4304 Sanctum
890 4237 1068 4319 Albanum,
1102 4241 1196 4327 regni
1230 4242 1335 4308 nostri
1432 4265 1437 4276 ’

287 4345 307 4376 “
329 4339 462 4428 Angliee
484 4337 799 4426 *Protomartyrem
819 4341 963 4428 gerimus
979 4347 1013 4407 et
1027 4342 1193 4425 habemus,
1208 4366 1335 4412 necnon

286 4448 305 4478 “
326 4443 363 4507 in
387 4442 721 4529 recompensationem
757 4449 792 4508 et
828 4444 1086 4510 satisfactionem
1112 4445 1269 4531 jocalium
1301 4455 1335 4515 et

326 4671 333 4703 ¹
349 4671 434 4720 Gartoe
444 4669 472 4720 in
484 4669 540 4721 MS.
865 4669 875 4702 ³
886 4672 1061 4736 imperpetuum
1071 4671 1098 4722 in
1109 4673 1165 4725 MS.

323 4750 333 4784 ²
345 4748 547 4816 Supemcription
574 4757 602 4800 to
633 4750 696 4800 esch
731 4749 794 4800 folio
866 4750 876 4780 ⁴
887 4747 1099 4802 Proitomortirem
1111 4753 1138 4802 in
1149 4753 1204 4805 MS.

291 4829 356 4880 from
369 4829 412 4880 fol.
424 4830 458 4879 91)
469 4835 497 4878 to
510 4831 564 4878 lta.
