3668 5842
490 887 556 952 242
825 899 1022 949 assumunt
1045 899 1202 950 laasrrsa

323 1089 509 1148 A D.1⁴so.“
530 1083 657 1150 Abbati
680 1089 715 1150 et
736 1085 933 1164 Conventui,
953 1085 1140 1152 habendum
1160 1091 1194 1152 et
1214 1085 1396 1152 tenendum
1415 1083 1480 1150 sibi
1502 1085 1537 1148 et

491 1193 510 1222 “
529 1187 766 1254 successoribus
791 1187 859 1254 suis
883 1185 941 1253 ¹in
964 1193 1179 1275 perpetuum:
1208 1193 1243 1254 et
1265 1187 1387 1254 eisdem
1410 1185 1537 1252 Abbati
1592 1202 1596 1210 ’

489 1296 565 1356 “et
603 1289 800 1370 conventui,
835 1289 924 1378 quod
960 1289 1025 1377 ipsi
1059 1289 1173 1356 eadem
1208 1289 1422 1377 mesuagium,
1467 1288 1536 1354 sive

491 1398 510 1430 “
531 1398 764 1473 tenementum,
794 1397 829 1460 et
857 1393 980 1472 kaium,
1013 1414 1086 1459 cum
1113 1392 1317 1460 aisiamentis
1349 1397 1384 1459 et
1412 1390 1537 1474 caeteris

494 1504 511 1532 “
532 1497 599 1561 suis
623 1496 832 1584 pertinentiis
865 1517 903 1561 ao
928 1494 1060 1580 juribus
1093 1495 1350 1583 quibuscunque,
1374 1493 1539 1583 praedictis

493 1605 510 1634 “
533 1599 706 1686 mesuagio,
745 1600 815 1666 sive
849 1602 1048 1679 tenemento,
1084 1603 1119 1664 et
1150 1598 1236 1678 kaie,
1269 1598 1539 1686 qualitercunque

493 1711 510 1740 “
533 1704 783 1791 pertinentibus,
819 1703 859 1770 de
894 1703 998 1781 nobis,
1031 1701 1177 1790 praefatis
1211 1702 1385 1791 Radulpho
1407 1707 1451 1768 et
1478 1700 1503 1767 J
1505 1721 1538 1765 o-

493 1815 511 1843 “
533 1807 650 1888 banne,
672 1807 812 1894 recipere
829 1806 965 1894 possint,
980 1809 1015 1872 et
1038 1810 1150 1872 tenere
1175 1805 1240 1872 sibi
1255 1811 1289 1872 et
1304 1804 1539 1872 suecessoribus

493 1917 512 1945 “
533 1910 601 1976 suis
634 1909 808 1998 praedictis,
832 1909 916 1975 sicut
941 1907 1135 1996 praedictum
1159 1913 1218 1987 est,
1250 1907 1309 1972 1in
1335 1912 1536 1995 perpetuum.

493 2020 512 2048 “
533 2013 658 2079 Tenere
678 2011 856 2078 earundem
875 2011 1061 2078 litterarum
1083 2010 1234 2077 similiter
1256 2010 1424 2077 licentiam
1444 2007 1538 2075 dedit

493 2121 512 2152 “
534 2115 714 2202 specialem,
750 2115 885 2182 Statuto
923 2112 1080 2200 predicto
1120 2135 1189 2180 non
1226 2113 1387 2191 obstante,
1426 2111 1539 2177 nolens

491 2227 509 2256 “
531 2219 618 2306 quod
640 2240 709 2298 nos,
729 2219 860 2306 prefati
882 2217 1076 2305 Radulpbus
1097 2223 1132 2284 et
1150 2218 1329 2300 Johsnnes,
1359 2215 1414 2283 vel
1436 2216 1540 2283 baere·

491 2329 509 2356 “
531 2322 588 2387 des
618 2320 731 2398 nostri,
761 2323 820 2386 aut
857 2319 1007 2406 praedicti
1036 2319 1150 2385 Abbes
1182 2323 1217 2386 et
1250 2318 1449 2396 Conventus,
1481 2339 1539 2390 seu

491 2431 728 2490 “successores
763 2422 823 2500 sui,
861 2421 990 2488 ratione
1028 2423 1276 2508 praemissorum,
1316 2445 1375 2510 per
1412 2421 1539 2488 dietum

490 2525 710 2591 “Dominum
748 2525 880 2612 Regem,
918 2525 973 2590 vel
1014 2524 1159 2592 haerodes
1203 2547 1286 2604 suos,
1322 2523 1539 2602 Justiciafios,

492 2634 511 2663 “
533 2626 730 2706 Escaetoras,
752 2625 975 2706 Vioecomites,
999 2625 1222 2710 coronatores,
1252 2631 1312 2694 aut
1341 2626 1422 2692 elios
1443 2625 1539 2692 balli-

491 2737 590 2810 “vos
616 2751 673 2796 seu
700 2727 867 2794 ministros
889 2749 965 2795 suos
991 2751 1209 2817 quoscunque,
1237 2729 1359 2796 futuris
1382 2728 1539 2816 tempori-
1612 2736 1616 2742 '

492 2837 510 2870 “
531 2833 595 2899 bus
618 2831 836 2912 molestemur,
865 2832 1073 2920 impetamur,
1103 2833 1324 2919 inquietemur
1354 2832 1390 2896 in
1419 2831 1539 2919 aliquo,

494 2942 510 2972 ‘¹
532 2957 590 3002 seu
604 2957 799 3024 gravemur:
823 2935 923 3000 salvis
949 2939 1060 3000 tamen
1073 2935 1270 3022 capitalibus
1291 2935 1435 3001 dominis
1452 2933 1540 3000 feodi

478 3048 510 3100 .¹‘
531 3038 620 3105 illius
649 3039 794 3106 servitiis
823 3037 901 3103 inde
939 3037 1060 3104 debitis
1097 3043 1131 3103 et
1168 3038 1339 3116 consuetis,
1369 3042 1468 3124 prout
1503 3035 1540 3101 in

491 3149 510 3178 ‘¹
532 3141 655 3208 eisdem
674 3141 794 3208 litteris
818 3139 945 3228 plenius
968 3138 1162 3206 continetur.
1209 3138 1329 3206 Sciatis
1354 3139 1458 3228 igitur
1472 3159 1541 3216 nos,

492 3251 510 3278 “
532 3243 686 3331 praefatos
717 3241 929 3330 Redulphum
956 3245 991 3310 et
1020 3240 1216 3321 Johannem,
1247 3241 1381 3320 dediaee,
1413 3261 1540 3307 conces-

491 3353 510 3380 “
530 3345 618 3428 sisse,
633 3350 668 3410 et
682 3344 744 3410 hac
757 3344 914 3432 praesenti
930 3341 1075 3410 ²Gbarta
1092 3349 1206 3411 nostra
1225 3345 1443 3422 confirmasse,
1458 3365 1540 3430 prse-

493 3455 509 3482 “
531 3447 609 3512 fatis
630 3445 757 3512 Abbati
778 3451 813 3512 et
835 3446 1023 3512 Conventui
1045 3447 1259 3534 mesuagium,
1280 3446 1350 3512 sive
1372 3451 1540 3512 tenemen-

491 3555 509 3585 “
531 3553 613 3628 tum,
635 3553 670 3615 et
693 3547 813 3628 kaiam,
843 3550 1010 3636 predicta,
1032 3571 1105 3614 cum
1127 3549 1333 3615 aismmentis
1357 3553 1392 3615 et
1414 3548 1541 3615 caetofis

492 3657 511 3687 “
533 3651 601 3716 suis
625 3651 836 3738 pertinentiis
862 3673 900 3717 ac
924 3651 1058 3737 juribus
1089 3652 1345 3739 quibuscunque,
1375 3649 1541 3738 predictis

492 3759 512 3790 “
531 3753 707 3840 mesuagio,
745 3753 815 3819 sive
844 3758 1042 3836 tenemento,
1076 3758 1112 3820 et
1149 3754 1236 3838 kaie,
1270 3753 1541 3843 qualitercunque

493 3862 511 3891 “
532 3855 792 3943 pertinentibus
824 3856 1011 3923 habendum
1050 3862 1086 3922 et
1115 3857 1298 3923 tenendum
1327 3858 1540 3945 mesuagium,

492 3964 510 3994 ‘⁴
532 3959 601 4026 sive
616 3963 851 4038 tenementum,
866 3964 900 4026 et
915 3959 1035 4039 kaiam,
1050 3960 1216 4048 predicta,
1232 3982 1306 4028 curn
1328 3961 1539 4042 aisiamentis,

492 4070 510 4097 “
532 4066 567 4128 et
589 4061 714 4130 coeteris
741 4061 808 4128 suis
831 4061 1040 4150 pertinentiis
1070 4083 1108 4128 ac
1129 4062 1261 4150 juribus
1283 4063 1539 4152 quibuscunque,

491 4165 653 4233 “eisdem
684 4166 859 4254 mesuagio,
886 4166 956 4231 sive
985 4170 1184 4249 tenemento,
1212 4171 1247 4232 et
1276 4167 1363 4250 kaio,
1386 4167 1541 4255 qualiter-

491 4275 659 4357 “cunque
683 4268 936 4357 pertinentibus,
950 4269 1097 4356 praefatis
1123 4268 1252 4336 Abbati
1276 4275 1312 4336 et
1340 4269 1540 4352 Conventui,

492 4374 567 4438 “et
595 4371 832 4439 successoribus
862 4371 929 4437 suis
958 4369 1018 4436 1in
1043 4377 1248 4460 perpetuum,
1279 4372 1320 4439 de
1346 4373 1541 4460 capitalibus

491 4473 674 4540 “dominis
703 4475 791 4541 feodi
820 4473 919 4554 illius,
950 4496 1008 4561 per
1036 4474 1173 4540 servitia
1195 4475 1272 4542 inde
1296 4474 1419 4560 debita,
1443 4480 1480 4542 et
1499 4475 1542 4542 do

491 4584 510 4614 “
527 4577 604 4664 jure
628 4583 791 4645 sensuam
836 4577 882 4644 Et
905 4599 965 4644 nos
989 4597 1076 4660 vero,
1102 4577 1254 4666 praedicti
1284 4577 1478 4668 Radulphus
1505 4583 1542 4645 et

526 4849 534 4882 ¹
547 4851 717 4916 imperpetuum
728 4847 755 4900 in
765 4851 822 4904 MS.
980 4873 982 4878 ’
1010 4851 1015 4917 Ι
1062 4847 1073 4882 ²
1087 4849 1167 4902 Carta
1178 4850 1205 4900 in
1217 4849 1274 4904 MS.
