3588 5838
514 885 688 936 sonamus
709 883 996 936 wnnfflsasrnos
1018 884 1197 935 escoron.
1325 865 1368 936 47

318 1079 339 1108 “
365 1081 428 1141 ‘ea
442 1074 642 1154 haberemus,
666 1096 724 1140 seu
746 1074 866 1140 babere
887 1072 1086 1155 deberemus,
1102 1073 1131 1138 si
1146 1094 1186 1138 ea
1208 1071 1244 1136 in
1267 1091 1368 1136 manu
1384 1083 1538 1136 A.D.1448.

317 1182 337 1214 ‘¹
361 1183 499 1244 ‘nostra
528 1184 722 1258 teneremus,
746 1177 869 1242 eisdem
897 1176 1024 1242 Abbati
1054 1181 1089 1242 et
1112 1175 1308 1254 Conventui,
1335 1177 1370 1240 et

318 1285 336 1316 “
362 1286 372 1315 ‘
387 1281 623 1348 suecessoribus
646 1281 715 1347 suis
737 1278 797 1346 1in
819 1284 1024 1368 perpetuum,
1040 1279 1083 1345 ad
1099 1279 1214 1344 divina
1228 1278 1264 1342 in
1279 1278 1370 1342 dieta

317 1391 335 1418 “
361 1385 528 1450 ‘Ecclesia
549 1383 665 1449 Sancti
686 1383 811 1448 Albani
832 1405 892 1470 pro
915 1387 1006 1448 statu
1028 1387 1064 1448 et
1093 1381 1264 1446 animabus
1287 1401 1370 1467 pree·

318 1491 337 1518 “
362 1492 371 1521 ‘
386 1485 493 1565 dietis,
512 1487 615 1572 juxta
630 1487 871 1553 ordinationem
886 1485 1086 1573 praedictam,
1105 1485 1161 1549 ¹in
1176 1488 1370 1570 perpetuum

318 1595 337 1623 “
363 1589 601 1655 ‘celebrandaz
639 1594 673 1656 et
703 1589 826 1655 eisdem
849 1588 976 1654 Abbati
1002 1593 1037 1654 et
1059 1587 1253 1666 Conventui‚
1281 1585 1369 1672 quod

317 1699 336 1725 ‘¹
359 1691 445 1778 ‘ipsi
468 1693 657 1758 Prioratum
671 1693 874 1779 pradictum,
890 1713 964 1758 oum
978 1691 1132 1756 omnibus
1147 1691 1322 1777 praemissis
1338 1695 1372 1756 et

315 1801 337 1830 “
362 1795 524 1882 ‘singulis
539 1797 606 1861 suis
616 1795 749 1882 juribus
764 1800 799 1861 et
813 1795 1024 1882 pertinentiis
1040 1793 1216 1880 praedietis,
1231 1795 1371 1881 recipere

317 1906 335 1931 “
361 1898 521 1984 ‘possint
543 1905 577 1964 et
599 1905 712 1965 benere
736 1898 800 1964 sibi
823 1904 858 1964 et
882 1897 1119 1964 suecessoribus
1144 1897 1213 1962 suis
1235 1899 1371 1984 praedie-

318 2005 336 2032 “
360 1999 428 2064 ‘tis
450 1999 511 2064 1in
532 2007 737 2088 perpetuum,
755 2001 794 2066 in
815 2000 923 2066 forma
943 2000 1111 2088 praedieta,
1128 1999 1213 2065 siout
1235 2001 1371 2087 praedio-

316 2111 335 2138 “
360 2107 456 2168 ‘tum
479 2109 538 2185 est,
563 2109 677 2170 tenore
700 2103 923 2191 praesentium,
945 2103 1097 2169 similiter
1121 2103 1288 2168 licentiam
1316 2105 1371 2170 de-

318 2211 337 2240 “
363 2205 494 2271 ‘dimus
520 2207 702 2294 specialem,
718 2207 855 2273 Statuto
877 2207 918 2272 de
940 2207 1038 2272 terris
1061 2211 1095 2272 et
1118 2208 1315 2273 tenementis
1329 2209 1373 2273 ad

317 2313 337 2341 “
361 2317 518 2372 ‘manum
541 2316 706 2376 mortuam
729 2331 798 2374 non
813 2309 974 2396 ponendis
989 2308 1080 2374 edito
1104 2330 1172 2374 non
1194 2309 1371 2390 obstante;

319 2415 336 2442 “
362 2409 533 2476 ‘nolentes
570 2411 659 2498 quod
697 2411 806 2478 dietus
844 2411 1027 2476 avunculus
1060 2416 1181 2493 noster,
1217 2409 1370 2490 haeredes,

317 2519 335 2546 “
360 2513 550 2600 ‘assignati
582 2520 642 2580 aut
679 2520 869 2580 executores
910 2515 971 2592 sui,
1004 2518 1064 2578 aut
1095 2514 1226 2601 praefati
1256 2514 1371 2580 Abbas

319 2622 337 2648 “
361 2621 420 2680 ‘et
441 2616 642 2695 Conventus,
664 2639 721 2682 seu
755 2637 953 2684 successores
975 2616 1028 2682 sui
1061 2617 1219 2703 praedicti,
1243 2617 1371 2684 ratione

317 2721 338 2751 “
361 2717 514 2784 ‘Statuti
536 2720 696 2806 praedicti,
711 2725 772 2786 aut
785 2720 925 2785 aliorum
944 2719 1197 2805 praemissorum,
1221 2742 1280 2807 per
1302 2741 1371 2796 nos,

318 2825 338 2854 “
360 2821 437 2886 ‘vel
458 2822 605 2888 haeredes
635 2827 776 2903 nostros,
805 2822 1026 2903 Justioiarios,
1051 2821 1253 2904 Escaetores,
1277 2823 1373 2888 Vioe-

318 2927 337 2956 “
360 2923 526 3005 ‘comites
560 2931 619 2990 aut
653 2925 735 2992 alios
768 2923 908 2990 ballivos
942 2947 999 2990 seu
1032 2926 1202 2990 ministros
1233 2931 1370 3002 nostros,

318 3031 339 3059 “
361 3025 437 3090 ‘vel
460 3025 628 3092 haeredum
651 3033 846 3106 nostrorum,
870 3047 1089 3114 quoscunque,
1113 3027 1369 3106 occasionentur‚

319 3135 336 3161 “
358 3127 597 3194 ‘molestentur
619 3129 655 3194 in
679 3130 799 3216 aliquo,
822 3149 880 3195 seu
902 3135 1089 3218 graventur.
1137 3129 1181 3194 In
1202 3127 1294 3215 eujus
1323 3130 1370 3194 rei

319 3235 338 3264 “
361 3230 621 3311 ‘testimonium
666 3233 726 3298 has
763 3233 908 3300 Litteras
945 3237 1075 3300 nostras
1123 3233 1195 3298 fieri
1232 3232 1369 3298 fecimus

320 3339 338 3366 “
362 3331 548 3400 ‘Potentes
599 3336 696 3401 Teste
733 3337 865 3424 meipso,
903 3336 992 3423 apud
1030 3337 1370 3415 westmonasterium,

320 3439 339 3468 “
363 3437 526 3521 ‘septimo
549 3436 603 3502 die
625 3437 731 3516 Junii,
754 3461 841 3506 anno
863 3440 957 3526 regni
988 3440 1093 3506 nostri
1123 3437 1371 3504 decimonono!

319 3543 336 3570 “
359 3535 594 3625 ²Inspeximus
615 3539 755 3607 ulterius
771 3542 937 3628 quoddam
959 3543 1118 3628 seriptum
1140 3542 1244 3629 ipsius
1266 3565 1372 3629 nuper

319 3647 338 3674 “
360 3639 470 3722 Ducis,
494 3643 532 3707 in
561 3642 632 3710 haee
654 3641 1014 3710 verba—‘³Omnibua
1046 3645 1172 3711 Christi
1200 3644 1369 3723 =fidelibus‚

319 3743 338 3774 “
360 3743 425 3807 ‘ad
457 3765 539 3830 quos
570 3767 712 3832 presens
743 3747 902 3834 seriptum
935 3747 1131 3834 pervenerit,
1164 3748 1371 3826 Humfridus,

320 3852 337 3877 “
358 3845 518 3912 ‘illustris
549 3869 665 3936 regum
696 3849 793 3931 filius,
827 3850 937 3929 frater,
973 3855 1075 3937 atque
1109 3855 1256 3938 patruus,
1291 3851 1371 3915 Dux

321 3951 339 3980 “
362 3947 610 4031 ‘Glouoestriae,
635 3950 752 4018 Comes
780 3950 1008 4032 -Penbroohiae,
1031 3959 1064 4019 et
1092 3953 1234 4040 Magnus
1257 3953 1371 4018 Came-

321 4053 338 4082 “
361 4052 488 4117 ‘rarius
520 4053 663 4139 Angliae,
697 4055 837 4120 salutem
875 4056 912 4120 in
949 4057 1093 4122 Domino
1131 4055 1371 4142 sempiternam.

320 4157 341 4186 “
363 4151 493 4219 ‘⁴Oum
526 4155 688 4222 Dominus
721 4157 803 4237 Rex,
838 4179 896 4244 per
927 4159 1073 4225 Litteras
1099 4181 1174 4224 suaa
1205 4157 1372 4236 Potentes,

320 4258 337 4288 “
359 4261 520 4341 ‘quarum
553 4257 633 4324 data
667 4265 718 4325 eat
749 4261 838 4348 apud
870 4262 1201 4328 westmonasterium
1231 4262 1372 4349 septimo

320 4415 465 4424 -.-.—-—
474 4419 686 4428 -..--—-—
708 4423 843 4429 ..-.-—.——
1038 4426 1165 4432 ....—-—
1173 4425 1369 4435 -.-—..-—-.—-

353 4515 361 4548 ¹
374 4517 540 4583 inperpetuum
551 4518 577 4568 in
589 4519 645 4570 MS.
900 4521 911 4555 ³
922 4523 977 4573 The
988 4523 1072 4573 initial
1090 4525 1164 4575 letter
1179 4525 1292 4589 omitted,
1303 4533 1328 4576 to
1340 4527 1371 4578 be

351 4593 554 4662 idppropriolio
564 4595 697 4648 Priorum
714 4599 742 4648 de
753 4597 824 4648 Pam·
867 4601 981 4666 supplied
993 4601 1019 4652 in
1030 4602 1209 4655 illuminatior.

319 4672 377 4723 brol
394 4674 548 4726 Monoaterio
576 4676 664 4726 Sancti
682 4677 824 4742 Alboap.—
898 4681 909 4712 ⁴
924 4680 1021 4730 Clario
1032 4681 1168 4733 donationis
1176 4683 1278 4734 Domini
1288 4683 1371 4735 Ducis

319 4753 442 4819 Marginal
465 4755 534 4807 Note
562 4757 596 4823 by
619 4757 688 4808 Iord
710 4757 822 4810 william
868 4758 1082 4810 Glauceatrioe.-
1095 4759 1298 4829 superscription
1343 4773 1370 4816 to

319 4833 437 4884 Horrord
863 4837 934 4890 folios
949 4847 978 4891 18
987 4842 1004 4890 b
1014 4843 1064 4891 and
1077 4846 1106 4893 19
1114 4859 1137 4892 a.
