3582 5838
455 917 629 971 comunis
651 911 941 968 vnnmmsrnnn'
961 919 1138 968 sncuunn.
1267 899 1331 970 217

277 1114 404 1175 etatum
429 1127 540 1174 eorum
564 1109 700 1190 videret,
718 1114 753 1174 et
776 1109 931 1195 regimen,
949 1107 1187 1194 inspiceretque
1211 1107 1239 1172 si
1257 1107 1332 1172 llor-
1346 1117 1414 1169 Al).
1427 1124 1499 1170 reso.

278 1217 353 1278 rent
373 1210 470 1276 modo
485 1211 606 1288 debito,
622 1211 810 1277 fructumve
824 1211 970 1276 facerent
985 1231 1173 1298 congruum,
1189 1210 1332 1288 solitum,

279 1321 313 1380 et
335 1318 510 1380 assuetum

324 1416 532 1482 Descendens
564 1417 675 1504 igitur,
707 1420 741 1482 et
777 1415 908 1481 demum
944 1415 988 1480 ad
1018 1415 1202 1481 manerium
1236 1437 1333 1481 suum
1345 1425 1486 1476 rltoubleir

279 1519 368 1584 infra
389 1519 504 1584 villam
537 1518 578 1584 de
613 1517 894 1582 Rikmersvvorthe
925 1517 1130 1605 perveniens,
1164 1517 1334 1582 intellexit
1346 1491 1498 1608 ffiffloed

280 1622 388 1700 1eum,
410 1630 485 1710 post
500 1622 661 1687 modicam
681 1621 801 1686 facum
830 1620 1089 1708 inquisitionem,
1105 1642 1173 1686 esse
1196 1619 1333 1686 ²Saram
1346 1623 1411 1674 from
1424 1625 1465 1675 ue

280 1725 426 1804 alteram,
449 1724 684 1810 adinstarque
707 1729 868 1789 matronae
890 1723 980 1790 illius
1004 1724 1183 1811 quamdam
1212 1692 1476 1818 haberefflfssf

281 1827 445 1908 ancillam,
459 1849 542 1914 quea,
558 1826 636 1892 licet
656 1847 715 1915 pro
738 1830 886 1912 tempore
901 1825 1052 1893 debitum
1075 1826 1140 1893 sibi
1163 1826 1334 1892 servitium
1346 1823 1474 1876 Bumen-

280 1930 493 2016 impcnderet,
516 1930 718 2016 serviretque
750 1950 826 1994 cum
848 1929 931 2008 aliis,
954 1951 992 1996 ac
1014 1929 1075 1995 sub
1094 1929 1176 2019 jugo
1199 1929 1335 1996 ancilla·
1346 1891 1449 1942 voute.

281 2034 382 2099 tionis
404 2033 626 2120 obsequaliter
647 2038 862 2119 permaneret,
880 2033 922 2098 de
936 2033 1108 2100 verisimili
1123 2039 1233 2099 tamen
1248 2033 1336 2098 infra

281 2157 424 2224 paucum
449 2141 580 2222 tempus
610 2135 780 2222 posterius,
812 2156 887 2201 cum
916 2135 1034 2224 puella,
1062 2143 1146 2202 esset
1171 2136 1336 2201 incurvati

282 2237 457 2324 supercilii,
484 2239 685 2324 elevataeque
715 2237 843 2315 frontis,
870 2237 1007 2303 haberet
1036 2259 1132 2303 suum
1162 2237 1334 2328 servitium

282 2341 458 2418 retrahere,
484 2339 723 2426 vendicareque
753 2339 960 2421 libertatem3
994 2362 1054 2406 nec
1084 2341 1168 2406 velle
1197 2341 1335 2406 ulterius

283 2443 344 2508 sub
369 2442 453 2528 jugo
484 2441 704 2508 ancillationis
739 2461 949 2508 commanere.
1010 2442 1183 2509 Intellexit
1212 2443 1336 2530 utique,

284 2543 449 2631 quomodo
475 2545 659 2609 manerium
686 2543 757 2630 jam
784 2544 909 2609 dictum
934 2544 1075 2610 alterum
1105 2545 1243 2612 haberet
1272 2547 1335 2612 sub

284 2669 319 2713 se
335 2645 528 2726 manerium,
555 2644 736 2712 ³sollemne
763 2646 798 2710 in
825 2667 859 2712 se
880 2647 985 2726 valde,
1004 2654 1039 2712 et
1061 2648 1205 2714 multum
1226 2669 1336 2736 sump-

284 2753 429 2827 tuosum,
453 2749 645 2825 manerium,
671 2747 836 2831 videlicet,
864 2749 905 2814 de
935 2750 982 2814 La
1005 2750 1105 2829 More,
1128 2751 1215 2816 infra
1237 2750 1337 2816 Paro·

284 2852 390 2918 chiam
414 2850 504 2918 villae
526 2851 597 2937 jam
622 2851 720 2918 dictae
741 2850 911 2917 situatum.
959 2851 1055 2932 Quod
1075 2853 1208 2938 quidem
1225 2875 1337 2919 mane-

283 2955 381 3034 rium,
404 2953 482 3019 licet
508 2958 678 3020 teneretur
704 2953 746 3020 de
772 2952 911 3039 praefnto
936 2955 1083 3019 manerio
1106 2955 1141 3018 in
1167 2955 1273 3041 capite
1303 2961 1337 3020 et

285 3077 343 3144 per
373 3055 546 3122 servitium
580 3055 732 3134 militare,
763 3059 933 3142 staretque
963 3061 1134 3121 oneratum
1165 3056 1269 3122 eidem
1302 3056 1337 3120 in

285 3157 426 3224 diversis
449 3157 670 3224 solutionibus
696 3157 824 3238 annuis,
852 3177 933 3243 quas
957 3159 1080 3224 adtunc
1106 3165 1257 3246 prompte
1283 3182 1339 3246 pa·

285 3261 440 3346 cificequo
470 3259 552 3325 satis
587 3260 788 3346 persolveret
817 3281 981 3346 possessor
999 3261 1112 3341 illius,
1142 3267 1176 3327 et
1216 3261 1338 3348 absque

284 3361 568 3442 contradictione;
605 3361 647 3427 de
682 3360 855 3428 verisimili
890 3367 1011 3441 tamen,
1043 3364 1122 3450 quia
1155 3366 1337 3430 manerium

285 3465 352 3530 fuit
381 3463 428 3530 sic
452 3469 681 3552 sumptuosum
704 3471 738 3529 ct
760 3462 947 3543 ³sollemne,
972 3466 1060 3551 quod
1086 3467 1197 3554 aptius
1221 3467 1338 3533 habili-

285 3587 390 3654 usque
420 3570 504 3632 esset
540 3587 599 3653 pro
632 3565 775 3653 hospitio
808 3567 921 3654 magni
957 3568 1115 3656 principis
1151 3590 1250 3654 quam
1280 3591 1338 3655 pro

286 3668 399 3756 exigui
425 3668 540 3734 militis
566 3666 818 3748 inhabitatione,
840 3670 1042 3756 suspicatum
1065 3671 1139 3750 fuit,
1165 3676 1199 3737 et
1214 3671 1338 3757 conjec-

287 3775 436 3837 turatum
467 3793 488 3835 a
517 3770 627 3849 variis,
652 3774 686 3835 et
710 3770 873 3858 praecipue
897 3793 918 3835 a
941 3771 1023 3836 viris
1050 3774 1156 3859 magis
1182 3773 1338 3839 modestis

287 3879 322 3940 et
351 3873 499 3952 maturis,
526 3871 615 3958 quod
646 3871 882 3938 inhabitatores
912 3872 1050 3939 haberet
1080 3874 1142 3939 *in
1171 3881 1337 3960 posterum

287 3975 378 4054 tales,
407 3975 462 4060 qui
494 3973 711 4062 promptiores
738 3981 846 4041 essent
869 3974 913 4040 nd
942 3976 1136 4062 rapiendum
1166 3998 1265 4062 quam
1295 3977 1338 4041 ad

287 4077 501 4155 reddendum,
524 4077 568 4142 ad
597 4077 844 4163 tollendumque
875 4099 972 4163 quam
1003 4078 1046 4142 ad
1076 4079 1275 4156 solvendum,
1300 4100 1338 4143 ea

288 4203 364 4268 quae
379 4184 459 4245 sunt
471 4179 559 4265 juris
579 4178 796 4258 ecclesiastici,
811 4184 846 4246 et
860 4180 1029 4267 pertinent
1043 4181 1086 4246 ad
1103 4179 1337 4267 patrimonium

289 4282 389 4348 Ihesu
411 4281 547 4347 Christi

336 4383 433 4464 Quod
464 4381 579 4448 Abhas
610 4383 646 4447 in
680 4403 714 4447 se
747 4383 847 4448 etiam
881 4383 1074 4470 concipiens,
1101 4383 1340 4470 mentaliusque

293 4507 362 4574 prae
394 4485 468 4550 aliis
501 4485 544 4550 ad
578 4505 634 4550 cor
667 4505 843 4572 apponens,
877 4486 983 4550 traxit
1017 4486 1061 4550 ad
1092 4491 1219 4571 partem
1251 4508 1340 4552 nunc

326 4814 334 4845 ¹
347 4813 390 4865 Sic
401 4813 426 4864 in
437 4813 493 4865 MS.
506 4834 512 4872 ;
530 4813 557 4863 in
569 4813 611 4864 the
622 4811 764 4862 masculine.
877 4808 1026 4876 ³sollcmpae
1037 4809 1064 4860 in
1077 4813 1131 4863 MS.

327 4893 337 4925 ²
352 4895 453 4943 Graecia
464 4893 517 4943 xxi.
527 4893 627 4957 poesim.
876 4890 885 4920 ⁴
895 4891 1043 4956 inposterum
1055 4891 1081 4940 in
1094 4892 1150 4942 MS.
