3582 5838
436 873 503 938 168
771 883 968 940 naamon
990 881 1151 934 assam

269 1083 337 1138 aa.
351 1086 425 1134 uss.
437 1075 475 1140 in
489 1093 606 1138 manus
626 1070 833 1138 inimicorum
848 1091 989 1138 suorum
1034 1067 1156 1151 ¹Quod
1170 1068 1235 1157 ipsi
1249 1067 1486 1157 intelligentes,

268 1165 428 1286 ffiilff
439 1197 518 1242 mox
540 1180 736 1262 personante
757 1173 903 1254 buccina,
924 1172 1103 1252 irruerunt,
1125 1171 1276 1260 abruptis
1298 1172 1487 1250 obstaculis,

271 1303 305 1352 ue
317 1299 343 1350 in
355 1299 399 1350 tue
439 1279 476 1343 in
491 1277 566 1342 Vici
588 1275 704 1343 Sancti
727 1275 818 1341 Petn'
840 1274 994 1353 medium,
1010 1273 1068 1340 ubi
1089 1273 1248 1340 habentes
1269 1273 1373 1340 aciem
1389 1274 1488 1362 Regis

272 1372 360 1418 streete
371 1364 402 1416 of

273 1429 428 1488 ΜΝ
441 1381 488 1446 eis
522 1379 662 1458 obviam,
684 1382 918 1466 pugnaverunt
939 1399 997 1465 per
1027 1377 1205 1464 pauculum
1238 1378 1384 1464 spatium
1406 1381 1489 1442 tem-

441 1481 531 1572 poris
563 1480 610 1547 sic
644 1478 819 1548 8atrociter
843 1480 888 1554 ¹in
918 1479 1069 1561 invicem,
1092 1484 1132 1545 ut
1155 1479 1208 1544 hic
1237 1479 1366 1545 videres
1382 1479 1490 1566 jacere

442 1607 546 1651 unum
568 1605 703 1652 excusso
718 1584 860 1664 cerebro,
873 1581 942 1648 illic
964 1583 1106 1648 alterum
1128 1581 1261 1648 bracffio
1275 1581 1419 1669 praeciso,
1442 1581 1490 1647 ibi

442 1687 579 1756 tertium
602 1687 749 1752 confosso
770 1685 915 1774 gutture,
937 1684 1022 1750 inibi
1047 1688 1203 1771 quartum
1232 1683 1396 1772 perforato
1418 1705 1490 1772 pee-

444 1797 524 1868 tore,
545 1793 715 1875 totamque
736 1787 882 1876 plateam
904 1787 1044 1853 ulterius
1066 1786 1225 1873 repletam
1240 1787 1417 1852 occisorum
1439 1807 1491 1852 aa

445 1892 629 1970 daveribua,
653 1889 807 1958 hincinde
829 1896 864 1957 et
886 1889 1106 1976 undequaque
1128 1910 1171 1954 ex
1193 1889 1283 1954 omni
1304 1911 1365 1955 sua
1381 1893 1495 1976 ραι-ως

445 1996 555 2080 sicque
577 1997 729 2080 potenter
750 1993 792 2058 ad
815 1998 947 2081 tempus
977 1996 1011 2058 et
1041 1991 1176 2079 clypeus
1206 1991 1329 2079 clypeo,
1356 1995 1392 2058 et
1419 2012 1493 2056 um·

445 2097 530 2164 bone
544 2095 764 2183 repellebatur
786 2097 895 2177 umbo,
918 2117 988 2161 esse
1010 2095 1126 2161 minax
1149 2093 1244 2172 snam,
1266 2093 1348 2180 pede
1370 2114 1436 2180 pes,
1458 2098 1495 2159 et

447 2197 580 2286 cuspide
603 2198 729 2286 cuspis,
745 2197 844 2284 quod,
867 2219 925 2284 per
947 2195 1109 2263 morulam
1133 2195 1289 2282 temporis
1303 2194 1494 2282 aliquantil-

447 2301 549 2367 lulam
573 2301 624 2378 cui
647 2299 737 2388 parti
752 2300 881 2366 cederet
901 2298 1048 2377 victoria,
1071 2297 1181 2363 fluerat
1204 2302 1345 2364 eventus
1366 2297 1493 2379 dubius,

447 2404 583 2488 aleaque
605 2403 704 2468 sortis
725 2401 806 2468 satis
828 2423 954 2488 anceps.

280 2525 437 2592 rhexinps
492 2503 663 2570 ³Tandem
689 2509 809 2586 tamen,
840 2504 986 2570 nescitur
1015 2524 1060 2568 an
1082 2505 1205 2568 terrore
1236 2502 1367 2569 eoelitus
1387 2503 1495 2583 misso,

281 2603 377 2712 m,
449 2613 508 2675 aut
530 2607 677 2672 immisso
700 2607 818 2694 spiritu
840 2605 1010 2686 vecordia,
1030 2626 1088 2671 seu
1110 2605 1234 2688 innato,
1249 2610 1343 2693 terga
1365 2611 1495 2674 verten-

301 2727 306 2740 ·
357 2762 363 2775 .
449 2716 509 2792 tes,
532 2709 619 2775 versi
648 2709 784 2776 buerunt
812 2709 850 2774 in
878 2709 992 2796 fugam
1022 2709 1240 2796 quamplures,
1265 2707 1400 2789 ‘imme
1421 2731 1496 2796 pars

450 2813 605 2888 maxima,
628 2833 671 2879 ex
700 2817 794 2900 parta
827 2811 937 2900 Regis,
968 2811 1251 2898 discurrentesque
1282 2833 1341 2898 per
1361 2809 1496 2880 lhortos

449 2920 484 2983 et
505 2937 608 3004 agros,
631 2915 730 2982 rubos
752 2921 788 2982 et
813 2915 938 2994 dumos,
961 2937 1063 3002 saepes
1085 2922 1120 2981 et
1152 2915 1273 3001 sylvas,
1296 2915 1497 3002 quesierunt

449 3018 512 3084 sibi
534 3017 606 3084 loca
627 3023 662 3084 at
683 3009 824 3083 latibula
845 3017 904 3092 ubi
933 3016 1036 3084 latere
1059 3022 1094 3083 et
1117 3016 1278 3084 oecrrltare
1300 3039 1335 3084 se
1365 3023 1497 3106 possent

449 3121 569 3209 aptius,
591 3141 761 3207 quousque
783 3120 888 3186 totius
910 3123 1048 3186 cassmet
1070 3123 1249 3207 tempestas
1269 3119 1496 3207 prrnliationis.

283 3239 433 3291 noemma
450 3223 545 3288 Inter
567 3243 648 3309 quos
670 3226 766 3289 erant
786 3221 922 3309 quidam
941 3222 982 3288 de
1004 3221 1142 3286 militari
1172 3221 1296 3301 ordine,
1317 3221 1382 3288 viri
1404 3223 1440 3288 in
1462 3245 1497 3290 se

283 3306 431 3422 fflffiffi
449 3324 564 3390 formae
586 3322 669 3390 satis
699 3323 867 3410 elegantis,
891 3323 948 3389 sed
977 3323 1053 3410 plus
1084 3322 1197 3389 Paridi
1227 3345 1327 3410 quam
1359 3323 1497 3392 Hectori

283 3437 431 3488 hofouow·
449 3425 579 3500 similes,
593 3424 630 3488 in
652 3425 847 3491 conditione.
895 3423 1023 3506 Quibus
1043 3424 1164 3512 quia-

285 3519 331 3556 “l
473 3561 490 3588 α
512 3551 591 3618 rra
614 3551 778 3639 pureum
802 3552 893 3618 moin
915 3552 1026 3619 fuerat
1043 3552 1187 3639 jacuisse
1209 3552 1320 3632 cubili,

474 3659 492 3689 “
515 3653 561 3719 Et
583 3654 688 3741 plexis
710 3659 858 3720 teneram
879 3653 1023 3721 brachiis
1044 3655 1190 3722 tenuisse
1211 3655 1364 3742 puellam,

475 3764 491 3791 “
515 3755 622 3837 Quam
644 3756 768 3844 clypeis
789 3757 942 3823 humeros
964 3757 1099 3824 dextras
1122 3779 1279 3837 onerasse,
1301 3759 1356 3826 vel
1377 3759 1497 3844 bastis3

540 3864 558 3894 “
581 3859 652 3925 Aut
673 3858 802 3947 galeam
823 3881 937 3947 pressa
957 3859 1153 3926 sustinuisse
1175 3858 1296 3939 coma,''

451 3996 526 4063 ideo
559 3996 635 4084 plus
656 3996 829 4063 mollitiem
860 4001 1022 4064 sectantes
1044 4016 1143 4082 quam
1175 3997 1339 4078 militiam,
1363 3998 1500 4086 pluries·

452 4119 515 4186 qne
566 4099 812 4186 frequentantes
848 4121 981 4186 parcum
1029 4098 1172 4186 proximi
1209 4120 1309 4187 quam
1353 4123 1500 4189 pugnam

317 4209 319 4216 '
451 4201 570 4289 proclii,
602 4201 809 4288 reliquerunt
847 4201 971 4288 Regem
1002 4201 1039 4267 in
1076 4223 1199 4289 campo,
1237 4203 1500 4291 quaesieruntque

486 4403 956 4471 ¹Proetnmapuasamnmsttm
1034 4405 1137 4474 ³chie
1172 4424 1237 4473 para
1270 4416 1339 4476 torpa
1379 4413 1502 4461 vertit-

455 4485 591 4550 Confitetur
606 4486 633 4534 in
657 4483 716 4536 Vr'co
738 4485 824 4535 Sancti
845 4482 957 4534 Patri-
1001 4485 1128 4552 Marginnl
1151 4487 1226 4551 Note,
1247 4489 1282 4554 by
1304 4489 1372 4540 Lord
1389 4490 1501 4543 william

452 4554 611 4628 -Mar'ginal
625 4564 701 4626 Note,
710 4565 745 4630 by
761 4565 830 4614 Lord
845 4563 956 4616 William
1000 4567 1119 4616 Horard.

452 4645 569 4695 Howard
627 4657 632 4668 ·
1032 4643 1212 4708 ⁴ymoinMS.

1032 4724 1043 4756 ,
1131 4725 1136 4736 .
