3560 5838
670 903 847 954 monson
870 888 930 976 (n).
1264 887 1327 960 471

332 1086 428 1166 Item,
450 1087 485 1152 16
509 1109 634 1155 recessu
656 1111 751 1156 6666
766 1089 919 1156 Prioratu
935 1089 1198 1176 Walingiordiae,
1214 1092 1331 1157 attulit

286 1209 395 1254 secum
425 1191 527 1268 varia,
549 1213 686 1276 quorum
720 1192 871 1278 quaedam
903 1191 939 1256 in
972 1197 1078 1258 morte
1113 1215 1172 1258 sua
1203 1193 1331 1259 remisit

287 1291 415 1368 iterum,
439 1293 590 1376 quaedam
612 1314 690 1360 vero
711 1293 859 1374 retinuit,
883 1293 918 1357 16
941 1314 1009 1360 666
1032 1293 1203 1374 16611666Ι
1228 1295 1331 1362 incre·

286 1397 435 1458 mentum
457 1393 596 1473 illorum,
619 1416 693 1480 quae
714 1416 773 1481 pro
795 1415 884 1460 nuno
905 1401 1077 1462 remanent
1098 1395 1135 1460 in
1167 1397 1330 1484 gardroba

286 1515 352 1560 666

330 1595 427 1673 Item,
450 1617 509 1682 pro
539 1598 650 1662 eadem
685 1598 766 1664 emit
796 1597 957 1685 gerdroba
987 1603 1129 1684 quatuor
1165 1599 1245 1663 ollas
1278 1621 1329 1664 ar·
1404 1651 1408 1660 .

286 1702 429 1785 genteas,
459 1720 527 1764 una
555 1720 630 1764 cum
661 1700 802 1766 totidem
836 1699 936 1787 peciis
948 1723 957 1780 ;
987 1722 1126 1786 quarum
1164 1702 1329 1787 peciarum

287 1799 361 1866 duaa
395 1802 474 1865 sunt
508 1801 681 1883 deauratae,
715 1807 750 1867 61
779 1801 883 1867 altera
917 1803 1035 1868 barum
1070 1803 1171 1868 habet
1196 1803 1236 1869 da
1258 1808 1330 1869 arta

288 1901 388 1966 simili
410 1901 641 1988 cooperculum,
665 1904 900 1990 corespondens
923 1903 993 1969 sibi.

331 2003 403 2069 Sibi
424 2003 527 2090 igitur
548 2026 586 2070 66
616 2004 662 2069 611
692 2025 821 2082 meroes,
845 2027 920 2090 quae
943 2005 1014 2070 dari
1047 2006 1130 2072 solet
1163 2005 1328 2091 illisqui,

287 2105 330 2170 od
352 2105 508 2170 bonorem
530 2127 599 2172 suae
616 2107 767 2183 ecclesiae,
781 2106 962 2172 laudabilia
983 2109 1120 2174 student
1144 2107 1271 2194 operari
1293 2109 1330 2172 in

283 2207 486 2294 temporibus
508 2208 582 2274 1616.

330 2427 496 2493 lohannes
528 2427 569 2494 (16
604 2427 850 2506 Frumentariis,
881 2429 921 2494 de
955 2449 1021 2514 quo
1058 2427 1099 2494 fit
1136 2429 1261 2494 mentio
1294 2431 1330 2494 in

285 2529 471 2615 praemiseis,
492 2529 552 2594 bis·
565 2530 642 2595 huic
665 2529 799 2594 solemni
815 2528 974 2596 Ooenobio
996 2531 1138 2616 praefuit,
1160 2533 1213 2597 bis
1235 2531 1331 2598 661166

285 2631 382 2697 istius
404 2631 544 2698 ecclesiae
566 2631 711 2698 accinxit
733 2629 945 2709 exultatione,
967 2631 1082 2716 bisque
1105 2632 1208 2698 vallea
1227 2633 1331 2721 ipsius

285 2733 448 2800 frumento
470 2733 659 2800 1abundare
680 2731 778 2814 fecit3
800 2734 971 2818 quomodo,
987 2739 1021 2798 61
1044 2734 1105 2799 sub
1130 2755 1196 2820 qua
1217 2734 1331 2816 forma,

285 2835 322 2900 in
360 2857 420 2901 sua
456 2837 645 2924 praelatione
690 2836 803 2922 prima,
842 2835 968 2901 dictum
1007 2842 1057 2901 eet
1094 2835 1212 2901 seriose
1251 2837 1331 2902 66116

286 2935 400 3003 ’infra
447 2939 563 3004 Restat
584 2938 689 3024 igitur
710 2958 769 3023 pro
800 2958 889 3002 nunc
922 2925 1026 3024 pauca
1055 2937 1194 3002 ulterius
1223 2938 1330 3005 dicere

286 3040 327 3106 de
357 3044 503 3127 tempore
534 3040 734 3128 praelationis
764 3060 832 3104 suae
862 3039 1020 3119 secundae,
1053 3040 1236 3124 referreque
1267 3041 1328 3106 sub

285 3141 450 3221 brevibus,
472 3163 538 3228 qua
559 3142 663 3228 specie
685 3140 849 3206 libertatis
871 3141 941 3226 ipse
964 3141 1038 3206 16116
1067 3139 1103 3204 16
1127 3141 1331 3228 temporibus

286 3264 415 3330 campos
438 3244 579 3309 ecclesiae
600 3241 699 3326 hujus
720 3241 911 3328 repleverat,
933 3241 1181 3328 cujusmodique
1212 3264 1330 3329 genere

286 3346 405 3431 segetis
427 3345 569 3431 speciosa
590 3343 710 3409 deserti
732 3342 822 3408 illiue
844 3345 1053 3431 pinguescere
1075 3344 1225 3410 faciebat.

330 3447 412 3512 Erat
434 3447 521 3516 enim
543 3447 595 3512 vir
617 3467 658 3512 ex
682 3446 825 3511 naturali
855 3445 1067 3532 dispositione
1098 3467 1137 3511 66
1168 3467 1331 3532 praeooon-
1393 3484 1396 3490 ·

283 3553 382 3636 patus
416 3549 533 3636 spiritu
565 3548 779 3626 verecundiae,
802 3547 889 3634 quod
923 3568 983 3614 nec
1015 3547 1240 3633 jactabundus
1272 3570 1332 3614 neo

279 3650 522 3738 joculabundus
544 3650 675 3738 egregia
697 3671 756 3714 sua
778 3671 876 3738 opera
897 3651 934 3714 in
956 3649 1102 3715 medium
1125 3655 1330 3737 proponeret,

284 3751 417 3831 ⁸immo‚
441 3773 500 3820 nco
522 3758 562 3818 ut
583 3763 840 3839 proponerentur
862 3751 904 3817 ab
927 3751 1001 3816 aliis
1022 3752 1165 3818 multum
1189 3751 1331 3818 libenter

285 3855 447 3920 toleraret
495 3854 594 3919 Unde
617 3853 769 3918 effectum
783 3853 899 3930 fuerat,
914 3857 954 3918 ut
977 3874 1041 3938 quo
1064 3854 1171 3938 magis
1192 3853 1329 3938 gloriam

286 3957 393 4022 laudis
426 3957 562 4043 lugeret,
595 3961 785 4042 sequeretur
823 3976 897 4020 eum
931 3954 1081 4041 amplius,
1106 3954 1332 4040 copiosiusque

285 4059 524 4125 concomitaret.
569 4057 657 4123 Nam
680 4057 759 4121 alibi
781 4057 931 4143 quamvis
962 4056 1148 4121 scribantur
1178 4055 1274 4118 varia
1295 4055 1330 4118 in

285 4160 416 4225 laudem
446 4165 480 4225 et
512 4158 789 4225 reminiscentiam
823 4157 965 4223 nominis
996 4157 1108 4243 ipsius,
1132 4155 1186 4220 hic
1220 4159 1331 4220 tamen

285 4261 378 4328 silere
400 4284 468 4327 666
490 4260 612 4348 poterit
634 4261 785 4336 calamus,
809 4281 882 4325 cum
915 4259 960 4324 sit
991 4258 1080 4324 16666
1106 4279 1267 4344 congruus
1297 4261 1332 4321 et

284 4360 1049 4448 1166116166616616166166611666,6666611
1079 4360 1147 4446 ipse
1180 4357 1216 4422 in
1249 4361 1331 4422 tem-

283 4465 419 4552 poribus
439 4463 702 4551 praememoratis.

319 4733 515 4784 'habundarein
527 4733 583 4785 Me.
827 4729 985 4781 inreserence
993 4735 1020 4778 to
1029 4729 1072 4779 the
1079 4727 1214 4794 preceding
1222 4733 1331 4778 context

318 4813 382 4864 ²An
394 4829 463 4865 error
473 4813 596 4878 probably
607 4811 646 4862 ior
656 4815 671 4842 ‘⁶
679 4811 782 4876 cupra‚'’
859 4810 935 4874 ‘yma
947 4808 972 4858 in
984 4807 1040 4860 M&
