3560 5838
469 894 536 959 458
855 905 1033 956 mansum
1058 889 1122 977 (n).

467 1092 768 1180 Rykmersworthe,
779 1095 815 1158 et
829 1090 919 1171 alibi,
935 1090 1094 1178 expendit
1109 1090 1223 1157 Abbas
1238 1091 1347 1157 diam
1361 1090 1404 1156 de
1418 1088 1517 1155 bursa

467 1217 527 1262 sua
549 1194 690 1283 propria,
713 1198 833 1282 praeter
855 1215 1015 1281 expensas
1037 1193 1122 1260 eirca
1155 1193 1227 1260 illas
1248 1193 1358 1259 varias
1388 1213 1517 1279 repara·

467 1299 573 1364 tiones
603 1297 757 1375 minutas,
782 1295 859 1363 bino
880 1296 958 1362 inde
988 1317 1046 1382 per
1067 1295 1175 1382 ipsum
1197 1295 1309 1374 saetas,
1332 1299 1367 1360 et
1395 1299 1518 1381 praeter

468 1399 503 1464 id
533 1399 621 1485 quod
652 1420 710 1486 per
741 1419 817 1464 suos
849 1397 1099 1485 expendebatur
1129 1396 1300 1464 officiarios
1333 1397 1369 1462 in
1403 1395 1517 1462 officiis

467 1501 537 1567 suis
574 1500 659 1566 eirea
687 1498 911 1588 reparationes
945 1498 1068 1565 eisdem
1106 1498 1220 1566 officiis
1254 1499 1360 1576 utiles,
1394 1503 1430 1564 et
1461 1519 1516 1564 ne-

468 1602 631 1682 cessarias,
665 1602 755 1667 ultra
787 1623 949 1669 summam
984 1601 1243 1689 quingentarum
1277 1606 1313 1667 et
1346 1600 1516 1688 octoginta

468 1706 633 1771 librarum.

514 1805 631 1888 1Item,
654 1807 691 1872 in
712 1805 814 1872 variis
835 1799 1099 1892 reparationibus
1126 1806 1213 1872 infra
1239 1805 1409 1872 civitatem
1431 1804 1518 1870 Lon·

468 1909 642 1976 donimum
665 1907 769 1986 factis,
793 1911 843 1985 ut,
865 1911 956 1994 puta,
979 1907 1016 1972 in
1040 1907 1269 1974 emendatione
1296 1905 1433 1994 hospitii
1456 1905 1518 1970 ibi·

469 2013 553 2088 dem,
575 2016 611 2078 et
632 2012 669 2074 in
692 2008 898 2096 reparatione
924 2009 1013 2074 faeta
1038 2009 1075 2074 in
1100 2009 1241 2096 quodam
1271 2007 1517 2096 pandoxatorio,

355 2141 357 2148 ·
468 2114 505 2178 in
534 2112 868 2200 Alderiohgatastrete
898 2110 1033 2192 situato,
1069 2110 1262 2198 expendisse
1291 2109 1396 2176 fertur
1429 2115 1517 2176 oote-

467 2217 564 2304 ginta
585 2215 733 2301 quinque
755 2213 865 2278 libras.

514 2314 633 2393 ”Item
648 2316 684 2380 in
706 2313 809 2379 variis
830 2313 1093 2401 reparationibus
1113 2313 1224 2403 ³apud
1247 2315 1392 2381 Oxouias
1414 2315 1518 2391 fastis,

469 2423 517 2498 ut,
548 2423 637 2506 puta,
661 2417 699 2482 in
730 2417 859 2482 faotura
892 2417 992 2483 unius
1018 2416 1200 2490 ⁴Librariae
1233 2439 1293 2505 pro
1328 2417 1460 2498 Ordine,
1483 2421 1518 2482 et

469 2521 505 2585 in
519 2520 734 2585 fabricatione
749 2519 919 2604 eujusdam
937 2519 1115 2607 capellula
1131 2542 1191 2607 pro
1213 2519 1371 2586 fratribus
1386 2519 1519 2586 Mones·

469 2621 554 2701 terii,
577 2621 787 2687 studentibus
809 2621 942 2700 ibidem,
965 2643 1032 2687 una
1054 2643 1128 2689 oum
1151 2623 1301 2688 clausura
1323 2623 1407 2688 eirea
1433 2621 1518 2709 ipso-

470 2745 544 2789 rum
566 2723 750 2811 gardinum,
766 2723 924 2810 expendit
942 2722 1033 2789 ultra
1055 2745 1217 2790 summam
1239 2729 1373 2791 eentum
1395 2729 1430 2790 et
1445 2729 1518 2790 outo

469 2826 637 2894 librarum.

515 2927 637 3008 “Item
669 2929 705 2993 in
738 2927 840 2993 variis
877 2927 1140 3016 reparationibus
1177 2931 1266 3016 apud
1304 2929 1520 2996 Redburnam

469 3031 575 3108 fastis,
597 3035 646 3110 ut,
676 3034 767 3116 puta,
791 3029 827 3094 in
853 3028 1003 3096 clausura
1032 3031 1204 3097 exterioris
1229 3032 1337 3114 eurise,
1360 3033 1397 3097 in
1427 3053 1521 3118 repa·

470 3133 600 3198 ratione
622 3131 774 3218 Capella,
806 3131 842 3195 in
875 3131 1104 3198 emendatione
1135 3133 1298 3216 altarium,
1325 3138 1360 3199 et
1391 3134 1428 3199 in
1461 3133 1518 3199 ad·

466 3234 594 3320 jutorio
627 3234 774 3320 impenso
807 3232 851 3298 ad
887 3232 1047 3299 facturam
1088 3255 1224 3302 camera
1261 3239 1377 3302 ereotse
1412 3255 1521 3322 supra

471 3357 590 3402 navem
614 3335 815 3412 ecclesiast
837 3333 880 3399 ad
902 3335 1148 3420 renovationem
1165 3335 1333 3423 Goquinae‚
1355 3357 1423 3402 una
1445 3359 1519 3404 oum

471 3437 675 3503 ornamentis
697 3436 982 3514 vestimentorum,
998 3437 1100 3502 variis
1122 3437 1224 3518 libris,
1240 3446 1275 3505 et
1297 3459 1364 3504 uno
1386 3439 1520 3505 sdsario

471 3543 636 3625 argenteo,
660 3538 737 3604 buio
770 3538 840 3604 looo
872 3539 1007 3619 oollatis,
1031 3541 1223 3627 expendisse
1257 3541 1402 3608 ereditur
1431 3543 1521 3608 oltra

471 3660 633 3705 summam
657 3639 879 3730 quadraginta
899 3639 1068 3710 librarum.

516 3741 611 3820 Item,
644 3740 732 3806 idem
763 3740 878 3806 Abbas
909 3742 1058 3810 instituit
1090 3744 1245 3831 primitus
1274 3745 1343 3811 suis
1371 3746 1408 3810 in
1439 3751 1521 3812 tenr-

471 3844 606 3931 poribus
634 3843 768 3909 Missam
802 3843 914 3910 Beatae
943 3843 1091 3933 Virginis
1123 3847 1249 3912 cantari
1281 3869 1354 3915 oum
1389 3869 1519 3936 organo,

471 3945 739 4033 stipendiumque
761 3944 922 4011 limitavit
951 3952 1146 4034 perpetuum
1169 3950 1358 4016 cantoribus
1383 3971 1443 4038 pro
1473 3951 1521 4016 la-

471 4046 549 4113 bore
571 4069 637 4113 suo.

411 4185 422 4198 κ
518 4149 613 4226 Item,
630 4147 718 4213 idem
733 4148 848 4214 Abbas
870 4150 1020 4216 instituit
1034 4151 1187 4238 primitus
1205 4153 1322 4220 cistam
1345 4155 1521 4242 quamdam

472 4251 509 4314 in
543 4249 718 4327 communi,
749 4250 919 4336 ipsamque
956 4255 1026 4317 tam
1061 4255 1235 4341 opulenter
1272 4256 1520 4343 praedotaverat,

471 4351 561 4439 quod
584 4351 772 4418 Conventui
794 4373 979 4420 suaeurrere
1010 4353 1194 4422 sufficerent
1223 4357 1259 4422 in
1290 4358 1379 4424 omni
1413 4380 1522 4426 neees-

471 4455 570 4520 sitate
585 4453 784 4541 perurgenti.

506 4655 799 4724 monam-Mum
810 4659 883 4712 Note.
1054 4661 1125 4716 ⁴Sos
1139 4663 1337 4728 Amatam,
1347 4665 1523 4734 VoLIMp·

504 4734 770 4804 ’osa-marginal
780 4737 852 4792 Note
1020 4740 1226 4808 pendixpass.

506 4813 693 4880 'aptemus
1054 4819 1377 4892 ‘meam-Margum
1387 4825 1461 4878 Note

1453 4913 1469 4944 Ο
