3668 5842
509 864 682 915 somnum
705 865 990 916 wnnrsuusrnnn
1013 869 1189 918 sncuunu.
1310 859 1373 920 285

329 1048 554 1136 abjurationis,
578 1052 739 1132 videlicet,
762 1059 797 1119 ct
820 1053 1037 1134 confessionis,
1052 1056 1106 1121 hic
1130 1056 1375 1142 subsequuntur
1387 1066 1456 1120 As).
1470 1072 1542 1120 1457.

328 1158 464 1320 macres.
511 1155 557 1219 Et
579 1155 744 1241 primodo
769 1155 986 1223 Confessione.
1033 1159 1079 1224 Et
1101 1163 1153 1225 est
1175 1159 1264 1225 illius
1280 1165 1376 1226 tenor

377 1279 460 1322 1⁸,-

667 1489 775 1556 Teuor
799 1489 1034 1576 Oocfcscimrc‘a.

372 1647 389 1676 ‘⁸
404 1637 468 1704 ¹In
490 1638 622 1706 nomine
638 1639 771 1707 Sanctus
796 1646 831 1707 et
845 1640 1027 1708 individuae
1054 1642 1237 1720 Trinitatis,
1254 1643 1371 1722 Patris,
1387 1653 1434 1704 His
1485 1719 1490 1732 Ι

328 1747 346 1774 u
369 1747 402 1807 c
433 1741 519 1820 rsus,
554 1741 767 1827 suspiritus
801 1741 1136 1831 capessans-ugo
1170 1744 1373 1832 regnardus
1386 1719 1535 1772 ΝΜ·

327 1847 344 1876 “
368 1843 482 1920 Pecok,
506 1843 686 1930 Episcopus
710 1843 924 1923 Gicistrensis,
939 1867 1126 1932 quanquam
1150 1846 1314 1933 indignus,
1330 1869 1372 1912 cx

327 1953 344 1980 “
366 1967 439 2010 mea
460 1969 544 2033 pura
573 1947 731 2033 potentia,
762 1945 929 2032 liberaque
952 1934 1131 2026 voluntate,
1154 1949 1276 2034 absque
1303 1949 1373 2015 ullo

326 2054 344 2082 “
366 2069 483 2134 genere
495 2047 699 2126 ²coercionis,
712 2055 827 2128 metus,
843 2071 900 2115 seu
916 2050 1155 2136 compulsionis,
1167 2051 1283 2131 fateor,
1296 2074 1372 2119 oon·

326 2157 344 2182 “
365 2151 469 2229 fiteor,
485 2156 520 2216 et
539 2171 742 2237 recognosco,
758 2151 847 2238 quod
862 2173 921 2239 ego
940 2158 1018 2218 ante
1033 2151 1103 2219 haec
1118 2156 1273 2241 tempora,
1290 2176 1373 2240 prae-

325 2253 523 2319 “sumendo
553 2253 695 2318 nimium
727 2252 767 2318 de
799 2253 944 2318 natruuli
970 2255 1102 2340 iugenio
1132 2277 1205 2321 meo
1228 2257 1371 2342 proprio,

326 2364 343 2389 “
365 2355 630 2441 prtuferendoque
647 2355 811 2440 judicium
826 2379 908 2422 more
931 2358 1094 2422 naturalis
1116 2359 1257 2424 rationis
1271 2380 1370 2446 supra

325 2457 611 2522 “Testamentum
646 2456 751 2523 Vetus
783 2473 816 2524 et
851 2458 1037 2537 Nouellum,
1069 2481 1107 2524 ac
1140 2461 1242 2526 etiam
1272 2483 1372 2548 supra

325 2559 673 2625 “determinationem
704 2565 825 2627 nostrae
856 2561 973 2627 Matris
1003 2561 1156 2629 Ecclesiae
1183 2562 1370 2644 Catholicae,

325 2669 341 2696 “
365 2663 466 2740 tonui,
499 2661 623 2748 scripsi,
654 2667 689 2728 et
723 2660 827 2740 docui,
857 2663 963 2740 aliter,
987 2664 1117 2750 alioque
1143 2665 1248 2744 modo,
1271 2687 1370 2751 quam

324 2764 488 2831 “Sancta
517 2765 667 2830 Romana
697 2765 843 2831 Ecclesia
872 2770 972 2843 tenet,
996 2765 1098 2843 docet,
1121 2767 1287 2852 praedicat,
1311 2775 1371 2832 aut

324 2873 341 2900 “
363 2866 523 2932 observat
570 2867 625 2946 Et,
649 2865 847 2953 superhaec,
877 2873 992 2932 contra
1020 2889 1134 2932 veram
1166 2867 1370 2936 Catholicam

324 2974 341 3003 “
365 2973 399 3035 et
431 2968 655 3056 Apostolicam
688 2969 797 3048 fidem,
837 2969 934 3046 edidi,
971 2969 1092 3056 scripsi,
1124 2975 1159 3036 et
1193 2969 1298 3052 docui,
1332 2993 1371 3036 ac

322 3077 340 3104 “
363 3070 463 3136 etium
495 3070 671 3157 publicavi,
713 3069 836 3136 multus
870 3070 1066 3157 periculosas
1107 3073 1369 3158 perniciosasque

322 3179 341 3207 “
364 3172 536 3253 doctrinas,
560 3195 597 3238 ac
619 3173 720 3237 etiam
743 3172 843 3237 libros
867 3172 1072 3238 continentes
1095 3173 1132 3238 in
1161 3195 1195 3238 se
1222 3173 1368 3252 haereses,

322 3279 340 3309 “
363 3279 399 3339 et
421 3295 552 3352 errores,
572 3274 753 3340 contrarios
768 3272 845 3340 fidei
868 3273 1239 3362 catholicorumque
1258 3276 1368 3343 Eccle-

322 3383 340 3412 “
363 3377 420 3442 siae
442 3376 729 3455 determinationi;
763 3381 797 3442 et
826 3377 989 3464 praecipue
1019 3377 1055 3442 in
1086 3376 1151 3443 hiis
1187 3379 1367 3445 haeresibus

322 3487 338 3514 ‘⁸
361 3484 396 3544 et
418 3480 589 3558 erroribus,
610 3478 668 3564 qui
691 3478 744 3544 hic
766 3499 855 3544 nunc
877 3479 1175 3566 subsequuntur.—

359 3755 464 3842 Oopiu
487 3754 707 3842 quorumdum
730 3753 981 3835 Articulorum,
1005 3754 1049 3822 r'oa
1070 3755 1193 3842 quibus
1214 3756 1327 3824 ctum

606 3855 811 3924 hoerctiooua't
832 3863 950 3924 contro
963 3856 1080 3944 fidem.

364 4005 383 4036 “
398 3996 587 4086 'Inprimis
613 3996 703 4084 quod
733 4018 801 4062 non
824 4001 876 4063 est
899 3997 939 4064 de
971 3997 1167 4064 necessitato
1189 3998 1267 4064 fidoi
1297 4019 1364 4064 cre·
1378 4013 1534 4094 srhepoinu,

218 4120 222 4131 ·
317 4109 336 4140 “
360 4102 445 4182 dere,
484 4102 573 4189 quod
605 4100 769 4167 Dominus
802 4105 916 4166 noster
953 4099 1071 4166 Ihcsus
1109 4100 1261 4167 Christus
1289 4083 1532 4187 post¹¹i¹w¹¹¹⁰i¹¹¹e

318 4212 336 4244 “
359 4211 497 4270 mortem
522 4203 691 4270 descendit
714 4203 757 4268 ad
778 4201 910 4268 inferos.

363 4316 381 4342 “
396 4307 492 4384 Item,
516 4305 604 4392 quod
636 4327 705 4370 non
737 4309 788 4370 est
817 4305 858 4370 de
881 4304 1075 4370 necessitate
1096 4303 1213 4371 salutis
1236 4304 1365 4371 credere

318 4417 335 4443 ‘⁸
358 4409 395 4474 in
418 4407 580 4497 Spiritum
605 4408 772 4474 Sanctum.

349 4639 815 4700 ¹'l'heflrstletterieomitted3tobe
898 4635 1365 4694 'Thaflrstletterineachofthese

315 4721 431 4788 supplied
441 4722 469 4772 in
480 4719 655 4772 illumination.
866 4721 1153 4774 sentenoeeisomitted.

348 4802 360 4836 ¹
370 4801 515 4852 cohertiouir
525 4801 551 4851 in
562 4799 618 4851 MS.
