3588 5838
438 919 480 982 52
771 936 969 987 anorsrsou
991 935 1146 987 sensnm
1241 895 1244 902 “

270 1125 456 1188 A.D.1us.“
478 1118 627 1186 volentes
660 1121 861 1208 ampliorem,
896 1121 1059 1188 occasione
1096 1121 1274 1209 praemissa,
1297 1119 1339 1184 de
1375 1118 1485 1206 gratia

439 1226 457 1255 “
479 1226 593 1287 nostra
607 1228 642 1288 et
656 1225 863 1291 avisamento
878 1225 1056 1312 praedictis,
1075 1224 1298 1300 concessimus,
1314 1242 1373 1308 pro
1388 1219 1484 1285 nobis

437 1332 456 1358 “
479 1329 513 1389 et
536 1323 720 1391 haeredibus
751 1327 882 1408 nostris,
905 1333 1066 1412 quantum
1094 1327 1131 1391 in
1162 1326 1258 1392 nobis
1280 1329 1339 1402 est,
1362 1322 1483 1389 eisdem

438 1431 456 1460 “
478 1427 604 1493 Abbati
627 1434 662 1493 et
684 1429 880 1509 Conventui,
897 1436 932 1495 et
954 1429 1190 1495 successoribus
1212 1427 1289 1505 suis,
1311 1425 1399 1513 quod
1421 1425 1484 1511 ipsi

438 1535 455 1562 “
478 1529 520 1594 ad
542 1530 725 1615 quamlibet
747 1531 986 1597 concessionem
1007 1533 1048 1598 de
1070 1529 1332 1598 concessionibus
1347 1527 1484 1613 alicujus

438 1635 456 1664 “
478 1631 612 1697 decimae
634 1638 694 1698 aut
708 1633 895 1700 medietatis
909 1633 1052 1713 decimae,
1069 1633 1172 1708 nobis,
1190 1653 1246 1698 seu
1261 1631 1359 1697 alictii
1383 1631 1483 1696 heere·

438 1738 454 1766 “
477 1731 557 1798 dum
594 1739 789 1815 nostrorum,
821 1758 878 1822 per
916 1736 1039 1802 clerum
1076 1735 1171 1823 regni
1208 1735 1315 1800 nostri
1351 1733 1483 1820 anglia

437 1843 454 1869 ‘¹
476 1835 625 1922 proximo
662 1835 803 1902 fiendam
838 1859 895 1904 seu
928 1838 1176 1915 concedendam,
1207 1838 1275 1903 sint
1306 1836 1411 1924 quieti
1448 1839 1483 1900 et

436 1939 649 2004 “exonerati
679 1961 757 2026 erga
787 1963 854 2022 nos,
879 1947 913 2006 et
944 1941 1073 2007 eosdem
1103 1939 1248 2006 haeredes
1280 1945 1419 2018 nostros,
1442 1939 1483 2004 de

435 2047 452 2073 “
475 2041 597 2128 viginti
619 2041 713 2107 libris
736 2042 776 2107 de
807 2043 997 2130 hujusmodi
1020 2043 1156 2123 decima,
1181 2048 1215 2108 et
1248 2043 1357 2108 decem
1390 2041 1483 2107 libris

434 2151 451 2176 “
474 2143 515 2208 dc
537 2143 714 2210 medietate
744 2145 887 2227 decimae,
919 2147 966 2212 sic
987 2147 1156 2223 concessis,
1180 2167 1239 2232 per
1261 2145 1391 2211 eosdem
1413 2144 1481 2209 Ab·

434 2254 452 2280 “
474 2247 585 2312 batem
609 2255 643 2311 et
659 2247 877 2328 Conventum
895 2249 966 2314 sive
987 2271 1046 2336 per
1063 2270 1261 2314 successores
1276 2270 1362 2325 suos,
1380 2248 1482 2334 juxta

434 2349 612 2414 “formam
649 2351 891 2415 concessionum
933 2351 1064 2416 illarum
1101 2350 1275 2431 solvendis,
1312 2369 1481 2435 quousque

434 2460 453 2487 “
476 2451 626 2537 praedicti
662 2451 776 2517 Abbas
814 2458 848 2519 et
879 2452 1080 2531 Conventus,
1118 2453 1152 2519 et
1186 2473 1384 2518 successores
1420 2451 1482 2530 sui,

435 2554 543 2618 “sint
575 2553 675 2618 soluti
707 2554 744 2618 in
776 2553 882 2620 forma
915 2556 1074 2642 praedicta
1107 2555 1147 2621 de
1185 2576 1313 2620 summa
1349 2574 1482 2619 sexcen-

434 2661 451 2690 “
473 2660 584 2721 tarum
605 2656 765 2722 librarum
789 2679 847 2744 per
870 2679 930 2722 nos
951 2657 1074 2724 eisdem
1094 2657 1220 2723 Abbati
1243 2664 1278 2722 et
1293 2656 1481 2722 Conventui

433 2767 450 2794 “
473 2759 680 2839 debitarum;
702 2780 759 2824 seu
775 2759 863 2846 quod
886 2781 944 2846 per
965 2781 1033 2837 nos,
1049 2766 1085 2825 et
1100 2760 1244 2826 haeredes
1266 2765 1403 2837 nostros,
1419 2759 1481 2823 eis-

432 2870 450 2898 “
473 2861 547 2926 dem
570 2861 696 2927 Abbati
728 2868 763 2928 et
785 2862 983 2944 Conventui‚
1007 2868 1042 2928 et
1071 2863 1308 2954 successoribus
1339 2861 1416 2942 suris,
1440 2860 1481 2926 de

433 2969 450 2998 “
474 2965 571 3030 dictis
601 2966 763 3031 sexcentis
792 2965 894 3046 libris,
918 2970 978 3030 aut
1008 2965 1049 3032 de
1079 2987 1117 3030 eo
1139 2966 1227 3053 quod
1257 2965 1335 3030 inde
1369 2985 1480 3051 super-

433 3072 451 3102 “
474 3065 574 3132 fuerit
596 3067 789 3148 insolutum,
811 3068 909 3133 aliter
935 3073 1218 3153 recompensatum
1240 3066 1350 3132 fucrit.
1396 3065 1481 3132 Ocn-

433 3175 450 3205 “
473 3171 627 3235 cessimus
650 3171 751 3236 etiam
774 3170 896 3236 eisdem
918 3191 1007 3236 nunc
1028 3169 1155 3235 Abbati
1179 3175 1214 3235 et
1230 3169 1429 3248 Conveniat
1444 3175 1480 3234 et

431 3275 450 3306 ‘¹
472 3271 709 3337 successoribus
738 3271 806 3337 suis
836 3271 1012 3358 praedictis,
1036 3268 1124 3359 quod
1154 3271 1216 3358 ipsi
1250 3271 1339 3358 apud
1365 3271 1477 3336 villam

433 3380 451 3408 “
473 3395 568 3438 suam
597 3373 638 3438 de
670 3373 792 3439 Sancto
824 3373 965 3456 Albano,
997 3375 1033 3439 in
1066 3374 1236 3442 Comitatu
1269 3373 1478 3453 Hertfordiae,

434 3483 452 3511 “
472 3480 584 3540 tenere
601 3476 730 3562 possint
745 3497 853 3541 coram
869 3475 1052 3542 Senescallo
1068 3498 1135 3556 suo,
1150 3498 1208 3543 seu
1222 3476 1294 3563 ejus
1309 3477 1478 3564 deputato,

435 3583 453 3614 “
476 3576 536 3659 bis,
551 3579 712 3656 videlicet,
730 3578 783 3644 die
801 3579 905 3644 Lunae
927 3586 962 3645 et
984 3579 1038 3645 die
1053 3579 1200 3661 Sabbati,
1217 3602 1275 3667 per
1297 3581 1480 3668 quamlibet

434 3687 451 3717 “
473 3681 699 3768 septimanam,
715 3681 831 3747 Curias
846 3703 929 3761 suas,
946 3703 1005 3769 per
1019 3682 1168 3768 querelas
1182 3704 1289 3748 coram
1295 3682 1479 3750 senescallo

435 3788 451 3817 “
475 3783 554 3870 ipso,
577 3805 634 3849 seu
657 3785 816 3871 deputato
839 3806 906 3866 suo,
922 3785 1095 3864 faciendas,
1112 3791 1146 3850 et
1168 3785 1204 3849 in
1227 3784 1348 3850 eisdem
1372 3783 1479 3851 Curiis

434 3891 453 3920 “
475 3893 586 3952 tenere
616 3887 804 3953 omnimode
833 3887 952 3973 placita
985 3887 1152 3953 actionum
1190 3887 1411 3974 personalium
1445 3901 1479 3955 et

434 3997 450 4023 “
472 3990 655 4055 mixtarum
676 4011 954 4077 quarumcunque,
972 3989 1059 4054 infra
1082 3989 1194 4054 villam
1219 3989 1259 4055 de
1281 3989 1404 4056 Sancto
1419 3990 1480 4055 Al-

433 4100 451 4128 “
474 4094 560 4158 bano
598 4091 815 4159 accidentium
854 4096 889 4157 et
922 4093 1168 4179 emergentium,
1195 4092 1237 4157 ad
1268 4113 1479 4179 quascunque

434 4203 451 4230 “
474 4217 617 4261 summas
640 4193 752 4260 debita
774 4216 832 4260 seu
854 4193 1007 4274 ¹damna,
1031 4200 1090 4261 aut
1111 4193 1276 4274 valentia,
1299 4194 1336 4258 in
1366 4194 1479 4281 hujus·

434 4302 451 4332 “
473 4297 563 4363 modi
578 4295 762 4362 actionibus
775 4317 810 4362 se
825 4296 1029 4376 extendunt3
1047 4317 1085 4362 sc
1099 4317 1253 4383 personas
1268 4317 1381 4362 versus
1396 4319 1477 4383 quas

432 4399 660 4486 “·hujusmodi
692 4398 839 4484 querelas
876 4399 909 4462 iu
942 4398 1063 4464 eisdem
1092 4398 1200 4465 Curiis
1232 4398 1385 4485 prosequi
1418 4405 1478 4465 aut

432 4509 449 4536 “
471 4501 596 4566 moveri
611 4501 795 4588 contigerit,
811 4522 869 4587 per
884 4523 1018 4587 corpora
1032 4522 1153 4580 eorum,
1169 4501 1197 4566 si
1220 4521 1312 4566 casus
1326 4501 1475 4588 exigerit,

433 4610 451 4638 “
473 4607 605 4690 propter
636 4601 900 4668 insufficientiam
930 4625 1032 4682 suam,
1055 4603 1245 4682 anschiaro,
1268 4608 1303 4669 et
1335 4603 1476 4689 prisonae

838 4891 846 4924 ¹
858 4892 964 4958 dampna
976 4893 1001 4943 in
1013 4893 1070 4944 MS.
