3668 5842
528 876 701 928 tumuere
724 876 1010 927 annumerans
1033 876 1209 926 succuum.
1324 864 1385 928 231

341 1215 451 1282 Tertor
471 1212 675 1302 minumum
697 1211 910 1280 Litterarum
931 1211 1133 1279 Pcteutium
1161 1233 1265 1298 cuper
1293 1209 1389 1296 repta

427 1339 579 1384 emeccasu
602 1315 744 1383 licentia
765 1316 916 1382 Domino
940 1315 980 1380 de
1002 1313 1149 1402 samby
1171 1315 1218 1381 ud
1247 1313 1389 1380 amorti-

427 1419 591 1499 eaedem,
611 1425 688 1507 poet
703 1419 851 1486 debitum
867 1423 1005 1505 ceptum
1019 1417 1300 1506 sequ-tuitionem,
1315 1417 1388 1482 Mo-

424 1523 574 1590 ambito
596 1523 636 1589 de
658 1521 783 1590 Sancto
797 1519 936 1588 Albulae
955 1542 1061 1588 auum
1074 1519 1266 1608 hospitium
1280 1518 1389 1586 situm

424 1633 502 1692 tum
523 1624 625 1713 infru
649 1623 828 1692 Civitatem
850 1622 1125 1691 londoniarum.

381 1808 398 1836 “
420 1799 614 1880 ¹Henricus,
636 1801 700 1867 Dei
721 1801 837 1888 gratia,
862 1801 937 1866 Rex
958 1799 1090 1888 Angliae
1112 1804 1147 1864 et
1170 1798 1326 1880 Franciae,
1351 1805 1465 1866 etnn.
1481 1818 1553 1866 mee.

334 1911 352 1940 “
375 1903 539 1972 Dominus
554 1903 733 1982 Hibernia,
745 1903 899 1969 omnibus
914 1904 958 1968 ad
974 1924 1056 1989 quos
1071 1907 1249 1990 presentes
1263 1902 1385 1970 litterae
1396 1889 1544 2010 ffgffl

334 2013 352 2042 “
374 2006 595 2095 pervenerint,
626 2007 772 2072 salutem.
820 2005 940 2072 Sciatis
963 2004 1060 2091 quod,
1084 2005 1123 2070 de
1146 2005 1256 2092 gratia
1272 2011 1385 2072 nostra
1459 2029 1539 2076 teuto

334 2117 352 2144 “
374 2109 516 2198 speciali,
539 2131 578 2175 ac
600 2130 660 2196 pro
689 2108 776 2174 bono
808 2112 843 2173 et
871 2108 1032 2173 laudabili
1058 2108 1195 2174 servitio
1219 2108 1307 2193 quod
1336 2108 1385 2172 di·
1399 2093 1556 2224 suffiffl

335 2219 352 2248 “
375 2213 479 2279 lectus
494 2218 527 2279 et
542 2211 650 2278 fidelis
664 2217 785 2292 noster,
802 2211 997 2298 Radulphue
1012 2211 1158 2290 Boline,
1174 2211 1215 2276 de
1231 2211 1384 2297 Sudeley‚
1398 2196 1533 2289 empowe'r-

333 2321 351 2350 “
374 2316 477 2393 Miles,
500 2315 596 2381 nobis
618 2313 846 2402 multipliciter
868 2315 1040 2402 impendit,
1064 2313 1235 2402 indiesque
1257 2316 1383 2402 impen-
1396 2291 1542 2424 ’ἓξὲξ

333 2425 350 2454 “
373 2419 449 2484 dere
470 2438 537 2483 non
560 2417 700 2496 desistit,
724 2417 940 2483 concessimus
961 2438 1021 2505 pro
1036 2417 1133 2485 nobis
1148 2421 1182 2482 et
1196 2417 1383 2484 haeredibus
1396 2425 1439 2475 the
1449 2427 1537 2477 Abbot

334 2526 353 2556 ‘¹
374 2520 503 2598 nostris,
519 2525 681 2608 quantum
704 2520 741 2584 in
763 2520 859 2586 nobis
880 2525 940 2602 est,
963 2524 999 2586 et
1021 2541 1081 2606 per
1101 2526 1282 2607 praesentes
1309 2543 1383 2586 con·
1396 2493 1541 2612 fflfgssns',

333 2629 350 2658 “
373 2624 527 2702 cedimus,
558 2630 593 2690 et
614 2623 781 2688 licentiam
815 2623 972 2701 dedimus,
1000 2623 1107 2688 eidem
1140 2622 1316 2712 Radulpbo
1346 2625 1510 2706 aeAlbcp’s

332 2735 349 2761 “
372 2725 521 2792 Johanni
542 2722 692 2803 ‘Henda
712 2723 848 2810 juniori,
870 2724 1052 2813 Armigero,
1076 2726 1163 2812 quod
1186 2727 1249 2813 ipsi
1279 2747 1382 2792 unum
1394 2701 1554 2823 ffiptrpg

332 2837 349 2865 “
372 2829 583 2916 mesuagium,
614 2829 684 2894 eive
721 2833 959 2907 tenementum,
989 2850 1064 2894 cum
1093 2828 1171 2894 kaie
1201 2828 1379 2916 adjstoenie’
1394 2825 1507 2944 glebii.

333 2941 351 2969 “
373 2935 472 3002 simul
494 2957 568 3002 cum
591 2935 743 3000 omnibus
758 2935 963 3001 aisiamentis
985 2941 1019 3001 et
1041 2937 1169 3001 caeteris
1191 2929 1258 3002 suis
1280 2936 1381 3023 perti-

332 3047 349 3072 “
371 3038 493 3104 nentiis
516 3059 554 3103 ac
571 3037 704 3124 juribus
726 3037 985 3125 quibuscunque,
1008 3037 1177 3125 praedictis
1208 3039 1382 3126 mesuagio,

331 3150 349 3176 “
371 3139 441 3207 sive
463 3143 662 3220 tenemento,
679 3146 713 3206 et
732 3139 819 3218 kuic,
838 3139 1108 3226 qualitercunque
1130 3140 1381 3227 pertinentibus,

331 3243 531 3310 “situatum
553 3243 590 3307 in
611 3241 741 3308 venella
762 3247 882 3308 vocata
905 3241 1236 3330 ‘Wyndegoselana’
1258 3244 1295 3308 in
1319 3243 1381 3309 Pa-

332 3352 351 3382 “
373 3347 485 3412 rochia
506 3344 664 3411 Omnium
688 3343 885 3410 Sanctorum
907 3345 951 3410 ad
966 3345 1103 3423 Fenum,
1126 3345 1379 3426 Londoniarum,
1516 3371 1518 3378 ·

330 3457 349 3484 ‘⁴
371 3449 504 3528 scilicet,
525 3448 614 3512 inter
634 3451 862 3513 tenementum
884 3447 990 3534 nupsi
1013 3447 1249 3516 Bartholomaei
1269 3450 1381 3516 Frest·

332 3559 350 3586 “
372 3551 462 3638 lyng,
478 3573 520 3616 ex
534 3555 628 3637 purte
651 3549 827 3625 Orientali,
842 3553 877 3614 et
899 3549 1015 3615 kaium
1038 3555 1194 3616 vocatum
1219 3549 1379 3618 ‘³Ester-

331 3663 348 3688 “
370 3663 378 3688 ‘
394 3650 613 3740 lyngeshalle,’
637 3671 679 3716 ex
693 3655 787 3736 parte
803 3649 1016 3730 Occidentali,
1031 3673 1069 3717 ae
1087 3673 1205 3738 aquam
1221 3654 1380 3732 Tamisiae,

329 3765 413 3821 “ex
441 3759 536 3843 parte
568 3753 722 3831 Australi,
752 3758 787 3819 et
818 3757 1046 3819 tenementum
1075 3777 1181 3842 nuper
1211 3755 1380 3844 Radulphi

330 3863 349 3893 “
371 3856 553 3943 Blakeney,
579 3877 619 3920 ex
642 3859 737 3942 parte
760 3854 966 3942 Aquilonari,
994 3855 1073 3922 dare
1095 3857 1207 3944 possit,
1240 3863 1274 3924 et
1304 3881 1378 3923 ecn-

331 3967 348 3993 “
369 3958 489 4037 cedere,
520 3957 649 4023 dilectis
686 3957 781 4022 nobis
819 3959 855 4022 in
893 3957 1026 4023 Christo
1059 3958 1217 4039 Johanni,
1252 3959 1379 4024 Abbati

330 4070 348 4098 “
370 4061 572 4140 Monusterii,
595 4060 664 4124 sive
686 4059 875 4139 Abbathiae,
901 4061 1016 4126 Sancti
1037 4060 1171 4139 Albani,
1188 4060 1229 4126 de
1243 4061 1323 4126 villa
1337 4061 1378 4128 de

329 4173 346 4200 “
367 4164 488 4230 Sancte
502 4163 644 4242 Albam,
660 4165 693 4228 et
709 4162 854 4249 ejusdem
876 4162 940 4228 loci
956 4163 1143 4229 Conventui
1159 4187 1167 4244 ;
1189 4162 1377 4229 habendum

329 4273 346 4302 “
372 4271 406 4332 et
428 4265 609 4332 tenendum
624 4264 737 4330 sibiet
752 4264 988 4330 successoribus
1004 4265 1071 4330 suis
1086 4263 1147 4328 ⁴in
1161 4270 1354 4351 perpetuum
1369 4291 1377 4346 3

323 4629 326 4642 Ι
362 4559 369 4590 ¹
382 4557 437 4608 Tha
448 4559 502 4607 first
513 4555 615 4606 letteris
623 4551 742 4612 omittam
760 4553 830 4602 tube
905 4551 916 4584 ³
928 4552 988 4602 Hall
999 4551 1029 4602 ci
1037 4551 1079 4602 the
1090 4551 1255 4618 Easterlings,
1265 4553 1291 4604 in
1299 4553 1376 4605 Dou-

328 4637 482 4780 ⁸⁸1²)dess
490 4635 697 4775 lilliblilibliiociiite.
874 4627 1099 4772 gaieinlbblpiimum
1110 4705 1136 4756 in
1147 4707 1202 4759 MS.
