3668 5842
444 803 510 875 274
776 817 974 869 aamercort
996 817 1155 868 aaaarrn

275 1016 461 1072 A.1>.1457.“
482 1007 534 1072 nis
555 1005 745 1072 remanebit.
765 1063 774 1082 ,
791 1006 930 1072 Minoris
952 1004 1047 1071 nobis
1071 1003 1301 1091 ¹martyrium,
1324 1004 1413 1091 quod
1434 1025 1490 1091 op-

443 1114 462 1146 “
482 1113 599 1187 tamus,
638 1113 680 1188 et,
710 1108 854 1195 quadam
891 1106 1053 1172 diabolica
1089 1106 1295 1194 persuasione
1332 1111 1490 1172 terrorem

443 1219 462 1248 “
484 1213 656 1293 incutiens,
686 1233 746 1278 nos
775 1211 818 1276 ad
846 1210 907 1276 hoc
941 1209 1057 1276 niteris
1082 1210 1262 1292 advertere,
1293 1209 1382 1296 quod
1409 1211 1490 1276 totis

442 1324 460 1351 “
483 1316 651 1382 desideriis
672 1315 871 1382 affectamus.
916 1313 1080 1400 Nunquid
1100 1314 1240 1402 ignoras,
1256 1313 1345 1400 quod
1359 1314 1492 1400 sanguis

445 1425 461 1453 ‘¹
485 1417 826 1504 ²Martyrum'semen
847 1422 906 1497 est,
928 1416 1018 1503 quod
1039 1422 1164 1503 quanto
1185 1416 1288 1482 latius
1316 1417 1492 1504 spargitur,

445 1529 461 1556 “
484 1526 609 1608 quanto
635 1520 798 1587 crudelius
819 1519 980 1598 funditur,
1002 1524 1099 1585 tanto
1125 1518 1286 1606 copiosius
1309 1518 1493 1584 dilataturt

445 1631 461 1658 “
484 1623 688 1690 Crudelitate
709 1645 776 1710 qua
798 1623 895 1690 saevis
915 1621 952 1686 in
976 1620 1189 1700 Christianos,
1212 1626 1247 1688 te
1261 1621 1492 1688 indubitanter

444 1726 576 1792 “ducit
606 1725 650 1791 ad
683 1726 864 1803 interitum,
886 1745 946 1790 nos
979 1745 1058 1790 vero
1092 1723 1135 1789 ad
1166 1723 1332 1803 meritum,
1357 1727 1492 1810 quando

443 1837 460 1863 “
482 1851 600 1895 manus
621 1830 658 1894 in
681 1829 799 1895 coelum
821 1827 1004 1892 levabimus
1033 1827 1157 1914 gratias
1187 1831 1329 1914 agentes
1373 1827 1425 1893 Tu
1454 1829 1491 1894 in

444 1937 461 1968 “
484 1933 643 2018 sanguine
664 1935 879 2018 peccatorum,
903 1935 938 1995 et
959 1929 995 1993 in
1018 1929 1157 2008 malitia,
1180 1929 1338 2017 gloriaris,
1361 1936 1491 2017 potens-

442 2040 461 2068 “
484 2057 547 2120 que
562 2055 596 2100 es
611 2035 647 2098 in
662 2033 839 2120 iniquitate
855 2036 889 2098 et
904 2032 1126 2098 destructione
1143 2054 1308 2099 sacrorum
1330 2037 1366 2100 et
1386 2034 1491 2099 famo·

444 2143 460 2170 “
482 2137 684 2202 sissimorum
707 2136 860 2214 locorum,
882 2135 920 2200 in
942 2139 1038 2201 tuum
1068 2135 1277 2222 repentinum
1307 2135 1490 2216 interitum,

444 2246 461 2274 “
483 2239 520 2304 in
551 2237 830 2325 dejectionemque
861 2237 904 2302 ad
934 2238 1040 2304 undas
1062 2235 1232 2326 ³Stygias,
1254 2239 1297 2304 ad
1331 2244 1491 2326 antraque

443 2342 738 2430 “profundissima
769 2341 989 2408 Tartarorum.
1046 2341 1167 2408 Nonne
1200 2342 1388 2421 recordaris,
1411 2365 1491 2430 quo·

444 2451 461 2478 “
483 2445 581 2510 modo
602 2443 795 2524 Antiochus,
811 2443 962 2531 princeps
984 2441 1124 2530 ‘Syrim
1148 2465 1223 2510 cum
1245 2444 1342 2524 fastu,
1357 2445 1441 2525 felle,
1457 2451 1489 2512 et

442 2552 461 2580 ‘¹
482 2546 600 2628 furore,
623 2551 739 2613 eontra
759 2547 929 2612 civitatem
951 2551 1100 2612 sanctam
1123 2545 1326 2614 Iherusalem
1344 2548 1490 2626 veniens,

442 2657 461 2684 “
483 2655 518 2715 et
532 2672 605 2716 eam
619 2649 827 2737 poliandrum
842 2653 1048 2715 mortuorum
1062 2649 1199 2716 reddere
1213 2651 1355 2738 cupiens,
1371 2651 1491 2732 subito,

443 2761 460 2786 “
483 2753 563 2818 dum
585 2753 767 2840 impetuose
796 2752 896 2818 nimis
927 2773 1059 2818 currum
1089 2774 1186 2819 suum
1208 2754 1380 2820 accelerari
1408 2775 1491 2842 prae-

341 2865 345 2874 “
444 2863 461 2891 “
483 2855 613 2943 ciperet,
637 2855 677 2922 de
709 2855 780 2942 ipso
803 2853 934 2934 decidit,
958 2854 1146 2942 fructusque
1178 2856 1379 2945 incorpore,
1409 2858 1491 2924 adeo

442 2964 460 2994 ‘⁶
482 2981 594 3024 amaro
627 2957 738 3025 dolore
769 2963 936 3045 correptus
968 2957 1042 3040 fuit,
1065 2964 1105 3024 ut
1138 2960 1179 3026 de
1210 2959 1282 3046 ejus
1312 2959 1491 3026 viscoribus

442 3067 460 3095 “
482 3083 556 3126 oum
588 3066 683 3128 tanto
707 3062 825 3128 foetoro
853 3061 948 3148 impii
969 3083 1097 3128 vermes
1120 3062 1297 3144 effluerent,
1320 3063 1409 3149 quod
1430 3085 1491 3130 nec

443 3168 462 3198 “
483 3163 563 3249 ipse,
585 3183 645 3229 nec
666 3163 731 3228 sibi
752 3162 960 3245 famulantes,
983 3164 1093 3250 ipsum
1113 3164 1264 3231 foetorem
1286 3165 1370 3232 bene
1392 3168 1490 3232 susti-

444 3272 461 3300 “
482 3286 560 3331 nere
575 3269 731 3352 possentt
776 3264 876 3332 Unde
889 3266 951 3332 hoc
965 3265 1167 3332 intolerabili
1182 3267 1293 3334 dolore
1307 3269 1343 3334 in
1358 3269 1411 3334 sui
1432 3291 1491 3358 ag·

442 3374 461 3401 “
483 3367 644 3433 nitionem
667 3367 810 3446 veniens,
834 3371 870 3433 et
891 3367 955 3434 Dei
977 3368 1147 3452 virtutem,
1171 3393 1245 3456 quae
1268 3371 1351 3437 talia
1376 3392 1489 3459 operu-

442 3476 461 3503 “
483 3470 592 3550 batur,
614 3472 650 3536 in
673 3492 747 3535 eum
771 3491 840 3536 esse
854 3471 1050 3559 intelligens,
1073 3474 1225 3561 prorupit
1246 3473 1283 3538 in
1305 3495 1426 3554 vocem,
1454 3481 1489 3541 et

443 3578 462 3607 “
484 3572 595 3658 inquit
607 3571 838 3653 ;-⁶‘Justum
862 3578 913 3640 est
934 3573 1102 3640 hominem
1121 3575 1192 3642 Deo
1215 3597 1284 3643 esse
1307 3576 1487 3656 subditum,

441 3681 459 3710 “
482 3683 564 3740 ‘nec
586 3675 757 3741 mortalem
779 3677 900 3742 sentire
922 3677 1015 3764 paria
1036 3683 1151 3744 contra
1173 3678 1267 3746 euml
1311 3678 1379 3745 Sed
1412 3681 1490 3766 quia

442 3783 461 3813 “
483 3777 603 3866 dignus
620 3799 688 3844 non
712 3783 784 3845 erat
798 3779 905 3858 venia,
920 3776 1156 3846 “abominabili
1178 3786 1283 3846 morte
1306 3781 1489 3864 destructus,

441 3891 458 3918 “
481 3883 544 3950 tibi
560 3890 594 3950 et
616 3884 689 3952 aliis
710 3883 892 3973 flagitiosis,
907 3890 942 3951 et
964 3886 1054 3951 ultra
1075 3886 1210 3951 modum
1226 3887 1267 3952 de
1289 3907 1349 3953 ura
1363 3889 1489 3955 virtute

440 3995 459 4024 “
481 3987 710 4077 gloriantibus,
741 3989 948 4055 correctionis
978 3989 1116 4076 reliquit
1147 3990 1341 4078 exemplum.
1387 3990 1488 4058 Inda-

441 4097 458 4128 “
480 4113 558 4179 gare
580 4093 737 4180 sagacius,
760 4094 891 4159 intuere
921 4093 1125 4181 prudentius,
1148 4093 1297 4179 qualiter,
1321 4095 1401 4160 dum
1431 4115 1488 4183 po-

440 4201 459 4232 “
480 4196 686 4262 tentissimus
720 4194 884 4274 'Pharao
922 4195 1000 4261 olim
1034 4193 1292 4283 ⁸AEgyptiorum
1329 4197 1490 4286 princeps,

439 4305 458 4332 “
479 4298 638 4386 populum
660 4298 733 4379 Dei,
748 4297 905 4365 inermem
921 4301 958 4363 et
978 4297 1170 4385 fugientem,
1186 4299 1244 4365 sed
1265 4299 1302 4364 in
1322 4299 1488 4368 Altissimi

473 4545 481 4577 ¹
493 4547 627 4596 martirium
637 4545 664 4596 in
676 4547 732 4598 MS.
1021 4543 1031 4577 ⁵
1043 4549 1059 4594 2
1070 4543 1219 4596 Maccabeos
1230 4545 1266 4598 ix.
1280 4551 1319 4597 lo.

470 4623 481 4656 ²
493 4623 628 4676 Murtirum
638 4624 665 4675 in
676 4625 733 4678 ΜΒ.
1021 4623 1032 4656 ⁶
1043 4623 1215 4676 accentus
1225 4624 1252 4676 in
1264 4627 1320 4678 MS.

470 4703 482 4736 ³
494 4705 586 4771 Stipite
597 4705 623 4755 in
634 4705 691 4758 Ms.
1021 4701 1149 4754 ⁷E=cdus
1160 4705 1214 4757 xlv.
1387 4706 1393 4715 ‘

470 4784 481 4816 ⁴
494 4784 559 4833 Sirio
569 4783 596 4834 in
607 4785 664 4837 ΜΒ.
1022 4781 1032 4816 ⁸
1044 4781 1200 4850 Epiptr'orun
1209 4785 1235 4835 in
1246 4785 1303 4838 Ms.
