3640 5842
488 916 663 968 JOHANNJS
685 913 969 964 wnnrusuersns
991 913 1169 964 sncuunn.
1283 897 1348 962 363

299 1111 316 1141 ‘¹
337 1111 404 1186 tue,
433 1128 492 1194 per
521 1125 603 1191 quos
632 1104 679 1170 rei
709 1103 796 1170 verit
797 1125 833 1168 es
781 1099 980 1168 tmeliue
1009 1100 1084 1166 sciri
1114 1099 1245 1187 poterit,
1221 1098 1350 1164 tdili-
1363 1103 1433 1156 Am
1448 1107 1519 1153 146⁰

299 1217 318 1244 “
339 1210 489 1300 genter'
479 1208 636 1295 rnquims,
649 1208 679 1272 si
702 1206 747 1272 sis
772 1207 815 1270 ed
840 1203 1022 1269 ²danmum
1046 1203 1100 1268 vel
1124 1185 1483 1304 praejudicium‘lulnition

301 1320 318 1350 “
339 1319 498 1391 nostrum,
529 1316 589 1376 eui
616 1309 766 1389 eliorum,
793 1308 822 1374 si
846 1306 1061 1372 concedemus
1082 1303 1230 1370 Johanni
1253 1305 1376 1386 Eure,
1364 1254 1518 1371 duhithdins·

301 1425 318 1451 “
340 1415 522 1502 Armigcro,
545 1413 680 1478 Thomae
701 1411 870 1497 Oloptone
892 1408 1074 1494 Armigero,
1089 1406 1235 1473 Johcnni
1249 1408 1353 1472 Bean-
1365 1387 1521 1506 {fffflff

302 1527 319 1554 “
341 1519 405 1597 fun,
430 1523 466 1582 et
489 1516 636 1608 Woltero
664 1513 794 1592 warde,
819 1513 953 1592 Clerico,
979 1511 1098 1597 quod
1088 1510 1152 1596 ipsi
1181 1511 1354 1576 concedere
1367 1521 1456 1571 einen
1457 1527 1467 1569 t
1480 1518 1509 1568 of

304 1630 321 1656 “
343 1619 470 1708 possint
485 1617 573 1705 quod
594 1616 741 1682 monerio
761 1615 802 1680 de
818 1614 919 1692 More,
933 1613 1097 1692 Asshelos,
1112 1589 1410 1694 Becheuorihe,the

306 1733 323 1759 ‘¹
346 1723 419 1788 Brit
419 1721 556 1799 iewclle,
571 1726 606 1786 ei
628 1719 785 1806 Eetbury,
801 1738 874 1783 cum
896 1715 1114 1803 pertinentiis,
1130 1738 1168 1782 ec
1190 1717 1354 1782 sexdecim

304 1833 324 1861 “
346 1824 521 1912 mesuagio,
545 1821 715 1888 duodecim
744 1819 841 1902 cosa,
866 1819 988 1906 viginti
1014 1824 1048 1885 et
1033 1823 1148 1885 tocco
1174 1819 1358 1906 curtilagia,

308 1928 436 1994 “mille
468 1924 723 2012 quaest-viginti
754 1927 787 1988 et
818 1923 929 1988 decem
966 1943 1050 1988 ecrae
1080 1927 1187 2000 terrm,
1218 1921 1369 2008 triginta·

308 2037 327 2065 “
349 2051 431 2096 aerse
454 2027 550 2116 prati,
573 2027 714 2113 triginta
736 2029 771 2092 ei
797 2035 856 2090 sex'
878 2045 961 2090 acrae
987 2025 1085 2106 bosci,
1101 2025 1223 2112 viginti
1245 2030 1279 2090 et
1294 2024 1359 2090 duo

309 2142 327 2172 “
349 2133 514 2224 solidatus·
531 2135 566 2196 et
590 2129 742 2194 undecim
766 2129 955 2194 denariatus
981 2129 1139 2207 redditus,
1159 2149 1234 2193 cum
1261 2128 1360 2214 perii-

310 2244 327 2274 “
349 2234 479 2311 neniiis,
500 2233 537 2298 in
567 2231 847 2298 Rikmersworihe
869 2235 905 2296 ei
926 2230 1107 2308 Wetforde,
1130 2231 1166 2296 in
1192 2230 1360 2296 Comitctu

311 2344 329 2373 “
351 2335 519 2424 praedicio,
545 2355 619 2420 quae
645 2333 839 2419 Redulphus
871 2333 1034 2412 Bottiller,
1066 2333 1169 2412 Miles,
1200 2333 1362 2398 Dominus

310 2447 329 2476 “
351 2441 393 2506 do
419 2437 571 2522 Sudeley,
586 2440 620 2502 ci
640 2435 823 2513 Elisabeth,
838 2456 923 2500 uxor
938 2435 1016 2521 ejus,
1041 2439 1158 2502 tenent
1183 2437 1227 2502 ed
1249 2436 1361 2501 dermi-

311 2549 328 2578 “
350 2563 431 2608 num
446 2540 528 2606 vitre
542 2561 619 2616 sues,
633 2538 756 2623 absque
775 2537 985 2624 impetitione
1011 2537 1082 2603 sive
1103 2537 1362 2625 impleciteiione

313 2653 329 2682 “
351 2644 446 2723 vesti,
476 2648 511 2708 ei
540 2663 623 2727 quae,
650 2645 724 2727 post
753 2643 892 2704 moriem
922 2639 1099 2716 eorundem
1129 2641 1298 2728 Redulphi
1327 2648 1361 2708 et

313 2756 331 2784 “
353 2745 565 2822 Elizcbcihoe,
594 2742 637 2808 ed
666 2742 821 2829 praefetos
850 2741 1038 2808 Johonnem
1067 2744 1161 2822 Eure,
1192 2744 1361 2825 Thomem,

313 2860 330 2886 “
353 2849 538 2917 Johennem
562 2845 718 2925 Beeufuz,
736 2851 783 2909 et
812 2845 1004 2924 walterum,
1036 2850 1070 2911 ei
1097 2845 1243 2912 haerodes
1280 2869 1364 2925 suos,

313 2961 330 2988 “
351 2971 517 3019 remanere
547 2948 677 3027 debent,
708 2953 783 3034 posi
812 2953 951 3038 momem
988 2948 1166 3013 eorundem
1195 2948 1363 3035 Redulphi

314 3062 332 3092 “
355 3060 388 3120 et
411 3043 622 3127 Elimbethce
646 3050 765 3116 dilecto
788 3048 884 3116 nobis
906 3050 942 3114 in
965 3048 1098 3116 Christo
1120 3050 1276 3132 Johonni,
1292 3052 1361 3117 Ab·

313 3167 331 3193 “
352 3155 423 3222 bari
454 3152 646 3220 Monesierii
676 3152 717 3217 de
748 3151 862 3218 Sancti
891 3150 1033 3232 Albano,
1060 3156 1096 3218 ei
1126 3153 1272 3238 ejusdem
1300 3153 1364 3220 loci

314 3267 332 3295 ‘¹
355 3256 552 3333 conventui,
574 3255 662 3341 quod
683 3254 747 3341 ipsi
769 3254 1008 3322 concessionem
1030 3254 1226 3320 reversionis
1252 3277 1364 3321 mene-

316 3369 332 3398 “
353 3361 485 3439 riorum,
507 3356 676 3435 cestorum,
706 3356 956 3444 mesuagiorum,
978 3357 1234 3445 curtilagiorum,
1257 3363 1365 3440 terroe,

317 3471 335 3500 “
357 3461 455 3550 pmii,
486 3459 584 3538 bosci,
616 3464 650 3524 eb
687 3459 845 3537 redditus,
881 3459 1121 3546 predictorum,
1154 3483 1228 3527 cum
1265 3462 1366 3549 perbi-

317 3575 335 3602 “
356 3564 488 3644 nentiis,
519 3563 560 3628 de
590 3561 735 3649 praefeiis
758 3561 910 3628 Johenne
936 3564 1033 3642 Eure,
1056 3563 1190 3645 Thome,
1214 3565 1367 3632 Johonne

318 3674 337 3703 “
359 3665 512 3746 Beeufuz‚
543 3668 578 3730 ei
615 3664 770 3743 waltero,
807 3665 958 3752 recipere,
992 3669 1027 3730 ei
1064 3665 1176 3733 eadem
1209 3668 1365 3747 monerio,

318 3777 336 3806 “
358 3767 533 3855 mesuagio,
556 3766 652 3847 usta,
673 3766 856 3853 curtilagia,
871 3772 1004 3846 tenum,
1017 3772 1159 3854 pratum,
1174 3768 1316 3850 boscum,
1332 3774 1367 3836 ei

320 3878 337 3906 “
360 3870 537 3948 reddiium,
567 3890 642 3934 cum
671 3868 888 3955 pertinentiis,
918 3874 994 3956 posi
1024 3873 1163 3935 mortem
1194 3871 1367 3957 predicto-

320 3981 338 4008 “
360 3995 434 4038 rum
463 3970 632 4058 Redulphi
654 3977 688 4036 ei
711 3969 926 4051 Elizebethae,
948 3975 1060 4038 tenere
1089 3973 1216 4058 possint
1238 3974 1302 4040 sibi
1333 3978 1369 4040 et

321 4083 340 4111 “
362 4072 596 4140 successoribus
626 4072 694 4138 suis
723 4072 888 4159 preedictis
917 4070 976 4137 ²in
1004 4076 1207 4160 perpetuum,
1230 4078 1265 4140 ci
1294 4096 1368 4160 quae

321 4187 337 4214 “
360 4177 481 4242 eisdem
502 4175 630 4241 Abbati
652 4180 688 4241 ci
710 4175 898 4240 Conveniui
921 4196 1025 4262 nuper
1047 4197 1104 4261 per
1126 4175 1269 4242 Litteras
1295 4199 1369 4243 nos·

322 4287 339 4314 “
361 4285 429 4346 tras
452 4279 608 4343 Potentes
629 4277 666 4342 in
687 4277 793 4342 formo
814 4277 974 4364 praedicea
996 4278 1222 4359 concessimus,
1237 4280 1368 4366 perqui-

324 4391 341 4418 “
363 4381 473 4458 rende,
495 4401 619 4461 necne;
649 4384 684 4445 ei
708 4380 737 4444 si
760 4379 814 4458 eic,
836 4384 917 4446 tunc
940 4381 983 4446 ed
1013 4379 1102 4467 quod
1126 4379 1305 4447 ¹demnum
1335 4389 1369 4449 ei

324 4491 341 4518 “
363 4483 451 4568 quod
465 4479 692 4569 praejudicium
714 4481 861 4560 eliorum,
884 4487 919 4548 ei
940 4504 1088 4568 quorum,
1109 4487 1143 4548 ee
1166 4483 1315 4569 qualiter,
1337 4489 1372 4550 et

323 4594 341 4620 “
364 4583 535 4670 quomodo,
551 4589 585 4649 ei
607 4583 649 4650 de
666 4604 740 4669 quo,
755 4583 811 4648 vel
825 4583 866 4648 de
881 4583 1009 4669 quibus,
1024 4583 1179 4664 monerio,
1195 4587 1371 4673 mesuagio,

325 4745 396 4751 —-
438 4745 452 4748 -
482 4743 494 4747 -
637 4743 716 4749 —-—
740 4741 921 4748 .-—··--—..-
935 4741 1086 4748 -η-..η

360 4844 369 4876 ¹
380 4842 507 4908 ᾰωιριιιιιιι
517 4840 543 4891 in
555 4841 612 4892 MS.
849 4838 854 4904 Ι
903 4839 913 4870 ²
925 4840 1096 4904 imperpetuum
1107 4839 1133 4890 in
1144 4841 1199 4893 MS.
