3668 5842
537 887 712 940 rossrurs
734 888 1021 941 wnrrnsnsrnnu
1043 889 1221 942 cucuron.
1334 871 1399 944 297

349 1083 399 1143 est
433 1077 530 1165 pacis,
553 1084 588 1143 et
619 1080 756 1154 ametor,
778 1073 979 1162 ¹pacemque
1004 1077 1040 1141 in
1071 1077 1169 1143 terris
1198 1076 1305 1143 voluit
1333 1097 1402 1142 esse
1415 1091 1483 1142 nu.
1497 1095 1568 1142 rare.

349 1181 437 1246 inter
459 1179 607 1246 homines
630 1178 726 1245 bons
748 1178 941 1258 voluntatis,
965 1180 1001 1244 in
1024 1180 1130 1246 forma
1161 1182 1250 1267 pacis
1279 1182 1401 1246 intrac-

349 1287 459 1348 tarent
493 1285 604 1369 pertus
636 1280 766 1362 dictas3
800 1281 1036 1369 offerentesque
1074 1283 1263 1348 omnimode
1294 1283 1402 1348 medie

350 1384 516 1471 possibilia
529 1383 677 1463 rationis,
693 1383 894 1464 reducerent,
909 1383 939 1448 si
960 1384 1118 1466 valerent,
1133 1385 1176 1451 ad
1198 1385 1401 1452 concordiam

351 1486 507 1552 caritatis.
552 1487 667 1553 Partes
678 1484 766 1552 'vero
780 1486 817 1550 in
832 1507 867 1552 se
882 1485 1043 1552 discordes
1057 1486 1261 1566 hortabatur,
1277 1491 1310 1553 et
1325 1509 1400 1554 con-

351 1589 462 1667 suluit,
484 1594 524 1655 ut
546 1593 731 1656 statuerent
764 1589 871 1676 primo
904 1594 982 1654 cute
1013 1611 1088 1655 suos
1121 1590 1230 1656 oculos
1252 1591 1401 1678 exempla

351 1691 471 1756 nedum
486 1691 639 1758 besterna
661 1695 696 1757 et
717 1689 907 1772 ²forinseca,
921 1696 969 1770 ut,
985 1699 1074 1777 pute,
1089 1693 1131 1759 de
1145 1693 1318 1770 Thebanis,
1334 1693 1400 1760 Ro-

352 1793 466 1873 menis,
488 1792 627 1871 Judaeis,
650 1801 684 1858 et
706 1793 780 1859 eliis
802 1815 823 1858 u
845 1795 989 1874 remotis,
1013 1815 1095 1880 quos
1125 1795 1251 1860 dudum
1282 1795 1400 1862 divisio

351 1895 421 1960 sive
455 1896 615 1962 discordia
646 1896 682 1961 in
716 1901 826 1984 partes
853 1895 1011 1962 distraxit
1041 1898 1230 1980 contrarias,
1255 1909 1288 1964 et
1317 1921 1400 1986 pene

351 2018 453 2084 usque
484 2000 528 2065 ad
558 1999 713 2065 ultimum
745 1999 886 2065 deduxit
908 1999 1087 2065 terminum
1109 1998 1401 2079 ³cdnihiletionis;

351 2101 476 2166 *immo
498 2102 612 2188 magis,
636 2101 796 2166 hodierne
817 2105 853 2166 et
875 2101 1034 2182 citeriora,
1057 2123 1095 2168 sc
1118 2104 1211 2169 uobis
1241 2103 1334 2189 quasi
1364 2105 1400 2170 in

351 2199 620 2291 ⁶propinquitate
651 2203 834 2289 conjuncte,
858 2209 905 2282 ut,
928 2209 1019 2292 pute,
1043 2204 1084 2270 de
1114 2204 1225 2284 Gellia,
1256 2207 1399 2286 Francis,

351 2307 420 2372 sive
457 2307 678 2394 Francigenis,
717 2305 900 2372 convicinis
936 2307 1065 2388 nostris,
1096 2330 1177 2395 quos
1214 2309 1335 2376 nostris
1364 2310 1400 2375 in

351 2408 552 2496 temporibus
584 2408 703 2475 divisio
734 2409 822 2473 inter
856 2419 1003 2495 proceres
1041 2409 1128 2476 laesit
1164 2410 1400 2494 vehementius,

351 2532 496 2597 peneque
518 2511 657 2576 deduxit
679 2510 725 2575 ad
746 2511 886 2597 gradum
908 2511 1121 2576 novissimum
1148 2514 1326 2580 servitutis.

395 2613 555 2692 Secundo,
582 2612 753 2700 quomodo,
787 2611 992 2700 experientia
1022 2619 1116 2694 teste,
1149 2615 1185 2678 in
1215 2617 1337 2682 unione
1366 2623 1402 2683 et

351 2716 523 2782 concordie
545 2716 653 2782 solent
674 2736 726 2780 res
740 2735 853 2803 parvae
875 2735 1001 2802 semper
1024 2737 1172 2797 erescere,
1189 2717 1225 2782 in
1241 2719 1401 2786 divisione

350 2840 437 2898 vero,
471 2824 505 2885 et
539 2817 712 2895 discordia,
748 2817 928 2884 decrescere
960 2819 1124 2900 maximae,
1158 2841 1196 2885 ac
1227 2842 1330 2907 usque
1363 2824 1399 2889 in

351 2918 514 2985 ⁰nibilum
536 2921 593 2986 ire.

394 3023 506 3089 Tertio
526 3044 613 3101 vero,
638 3020 801 3108 quomodo
834 3020 905 3086 Deo
927 3018 1034 3086 ⁷nihil
1058 3027 1108 3088 est
1140 3025 1304 3111 acceptius
1330 3028 1398 3092 vir-

352 3131 425 3192 tute
448 3125 627 3193 concordiae
658 3128 693 3190 et
725 3123 938 3202 discretionis,
961 3122 1091 3191 diabolo
1113 3148 1191 3192 vero
1214 3126 1399 3196 ⁷nihi1de-

351 3229 555 3295 siderabiliue
578 3227 781 3294 extinctione
803 3227 982 3294 concordiae
1005 3235 1039 3293 et
1062 3230 1216 3298 caritatis.

398 3334 415 3364 “
431 3328 513 3394 Haec
534 3326 600 3393 tria
621 3346 689 3403 voe,
712 3325 769 3410 qui
800 3329 908 3412 partes
938 3324 1025 3404 estis,
1047 3334 1233 3394 statuentes
1255 3326 1269 3368 ⁸
1272 3329 1399 3417 jugiter
1412 3339 1530 3418 Hirnflnel

352 3436 369 3464 ‘¹
392 3436 469 3496 ante
492 3429 600 3496 oculos
622 3433 758 3508 vestroe,
772 3448 841 3491 una
863 3448 937 3492 cum
960 3427 1021 3494 hac
1042 3428 1182 3495 lectione
1204 3453 1304 3518 quem
1319 3453 1399 3518 quo·
1412 3409 1505 3458 sona.

352 3541 369 3566 “
392 3532 475 3599 tidie
496 3532 532 3596 in
554 3553 666 3597 mense
688 3527 898 3607 cuditis,—⁹‘
915 3529 1008 3596 Deus
1039 3530 1158 3597 caritas
1188 3538 1247 3616 cst,
1277 3539 1311 3600 et
1343 3535 1401 3619 qui

352 3640 370 3670 “
392 3640 529 3700 ‘manet
550 3635 586 3698 in
609 3632 747 3699 centcte
767 3633 803 3696 in
827 3630 899 3696 Deo
922 3637 1044 3713 manet,
1067 3638 1102 3699 et
1124 3633 1214 3701 Deus
1228 3635 1265 3700 in
1289 3635 1347 3719 eo,'
1362 3659 1401 3704 ac

353 3743 372 3772 “
394 3759 412 3803 e
434 3757 611 3816 converao;
633 3734 676 3799 ad
699 3733 807 3799 instar
828 3731 931 3814 bovis,
954 3733 1012 3818 qui

397 3854 414 3884 ‘⁶
437 3847 628 3915 ‘Dentibus
649 3851 798 3934 acceptas
820 3845 903 3911 bene
924 3867 1038 3912 rursus
1058 3847 1207 3914 ruminet
1228 3849 1362 3932 herbes,'

352 3969 372 3999 “
394 3965 460 4030 ista
481 3963 598 4028 melius
621 3960 846 4045 maturiusque
868 3960 1053 4038 ruminetis,
1069 3967 1111 4040 et,
1135 3968 1174 4026 ut
1189 3965 1350 4030 maneatis
1365 3965 1401 4030 iu

352 4072 371 4101 “
394 4066 474 4144 Deo,
497 4069 532 4131 et
554 4065 644 4131 Deus
666 4063 704 4127 in
725 4061 829 4139 vobis,
855 4060 1007 4125 omnibus
1031 4061 1103 4139 viis,
1127 4063 1241 4142 modis,
1272 4079 1306 4130 et
1335 4088 1403 4133 me·

352 4175 371 4205 “
394 4167 466 4246 diis,
490 4189 565 4254 quae
587 4171 785 4253 suggestura
807 4162 871 4228 erit
894 4163 989 4228 vobis
1015 4165 1144 4243 ceritas,
1167 4165 1254 4231 bono
1283 4167 1403 4247 animo,

353 4278 371 4310 “
393 4277 428 4337 et
448 4269 616 4350 benevolo,
639 4263 888 4354 adquiescatis?

386 4467 564 4520 ¹Lskeit14.
936 4461 1173 4518 ‘nicdduminm

385 4548 531 4613 ¹sonircecc
541 4547 569 4598 in
579 4547 635 4600 MS.
936 4541 947 4580 7
958 4541 1034 4592 nichil
1042 4543 1068 4593 in
1080 4545 1136 4595 MS.
1281 4535 1284 4541 ’

386 4627 397 4660 ³
408 4625 607 4678 odnictdutioar'e
617 4626 645 4676 iu
657 4626 714 4677 MS.
936 4621 1087 4688 ⁸ja91'turiu
1098 4623 1155 4675 MS.

387 4706 565 4771 ⁴praoinMS.
939 4701 1072 4754 woden.
1087 4708 1123 4754 16.

386 4787 397 4819 ⁶
404 4786 633 4852 propropinquior«
643 4785 671 4834 iu
682 4783 737 4835 MS.
