3588 5838
487 905 663 955 uomere
684 903 969 955 wnnmusrnoa
991 905 1170 958 sueonum.
1293 893 1355 956 101

310 1099 330 1126 “
349 1113 471 1179 eampo,
485 1097 603 1158 vocato
619 1091 809 1179 ‘Gylefeld'
852 1092 932 1158 Tres
951 1113 1040 1159 aeres
1061 1099 1159 1160 temae
1176 1093 1291 1179 jaoent
1304 1093 1356 1158 in·
1368 1098 1524 1155 tit-1⁴⁵2.

308 1202 326 1230 ‘⁴
348 1193 447 1260 simul
468 1193 505 1259 in
527 1192 615 1260 dicto
637 1215 759 1283 eampo,
782 1199 900 1260 voeato
916 1193 984 1260 ‘Le
999 1193 1233 1282 Gomynfelde'
1278 1195 1356 1262 Tres

308 1302 327 1332 ‘⁸
349 1318 427 1362 vero
441 1317 526 1362 aorae
541 1301 638 1363 terrae
652 1295 729 1363 inde
752 1295 887 1362 insimul
906 1296 1021 1382 jaoent
1045 1297 1081 1362 in
1104 1319 1217 1385 eampo
1241 1302 1357 1363 vooato

309 1407 327 1434 “
349 1397 605 1486 ‘Borughfelde’
638 1404 737 1486 prout
759 1404 859 1465 metae
896 1403 931 1465 et
959 1398 1080 1466 bundae
1121 1403 1284 1465 terrarum
1321 1404 1357 1465 at

308 1509 326 1536 “
348 1505 610 1567 tenementorum
640 1501 770 1589 plenius
798 1501 1027 1566 demonstrant
1050 1505 1085 1567 et
1110 1505 1357 1588 proportant-

308 1613 326 1640 “
348 1604 404 1670 Ita
424 1603 523 1691 quod,
545 1624 606 1670 neo
628 1625 697 1692 ego,
721 1604 877 1691 praefatus
909 1603 1052 1669 Thomas
1081 1603 1274 1690 Barington,
1297 1625 1358 1670 neo

308 1715 327 1744 “
349 1706 493 1772 haeredes
524 1706 597 1785 mei,
628 1728 688 1774 nee
721 1705 840 1793 aliquis
872 1705 957 1772 alius
981 1709 1169 1772 nostrornm
1198 1705 1270 1772 vioe
1303 1705 1356 1772 vel

309 1817 327 1846 “
349 1808 489 1887 nomine,
511 1807 637 1895 aliquid
663 1807 750 1896 juris
773 1808 826 1874 vel
848 1807 963 1874 elamei
994 1807 1036 1874 de
1064 1809 1182 1875 autin
1203 1807 1301 1874 terris
1323 1814 1358 1876 et

311 1909 547 1977 “tenementis
577 1910 752 1997 praediotia
776 1932 851 1977 oum
882 1909 1092 1997 pertinentiis
1125 1911 1202 1990 suis,
1232 1918 1293 1977 aut
1317 1912 1358 1978 de

309 2021 327 2047 “
348 2013 402 2079 vel
423 2013 459 2078 in
482 2012 594 2100 aliqua
615 2019 718 2101 perte,
733 2011 905 2099 particule,
927 2011 982 2078 vel
997 2012 1147 2100 putealia
1168 2013 1356 2094 eorundem,

310 2123 327 2151 “
349 2115 390 2180 de
405 2119 523 2181 eaetero
537 2114 676 2203 exigere,
690 2115 840 2194 clamare,
854 2113 910 2181 vel
922 2115 1105 2195 venditare,
1120 2114 1300 2202 poterimus
1321 2114 1358 2180 in

309 2225 328 2252 “
350 2217 485 2298 futur03
507 2214 589 2282 ¹sed
612 2216 655 2283 ab
678 2216 769 2281 omni
791 2217 920 2283 actione
939 2217 1034 2303 juris,
1052 2216 1204 2304 jurisque
1226 2217 1358 2300 olameo,

309 2327 330 2356 “
351 2341 389 2385 ao
410 2319 509 2384 titulo
532 2318 617 2398 inde,
641 2319 743 2385 simus
758 2317 885 2384 exclusi
907 2316 965 2383 ”in
986 2325 1184 2406 perpetuum
1200 2341 1258 2407 per
1275 2341 1357 2406 prae·

310 2431 327 2458 ‘·'
349 2425 467 2487 sentes
521 2423 567 2486 Et
605 2441 676 2507 ego,
715 2421 872 2509 praefatus
912 2421 1054 2488 Thomas
1091 2421 1285 2509 Barington,
1323 2431 1358 2489 et

309 2531 328 2558 ‘⁴
349 2523 494 2590 haeredes
519 2523 593 2602 mei,
626 2523 736 2589 omnia
768 2527 874 2589 terras
904 2528 939 2590 et
970 2528 1160 2590 tenemento
1193 2523 1358 2611 prmdieta,

309 2631 328 2662 “
350 2648 425 2692 eum
448 2625 659 2712 pertinentiis
688 2625 757 2690 suis
788 2625 941 2692 omnibus
963 2631 999 2692 et
1030 2626 1177 2714 singulis,
1211 2627 1358 2714 praefatis

310 2728 476 2794 “Abbati
509 2733 544 2794 et
577 2727 774 2808 Conventui,
807 2733 843 2794 et
876 2728 1113 2796 suooessoribus
1146 2729 1221 2810 suis,
1243 2735 1360 2795 eontra

310 2839 327 2866 ‘⁴
349 2851 461 2896 omnes
496 2833 611 2918 gentes
648 2829 945 2910 warantizabimus,
984 2837 1018 2897 et
1055 2828 1116 2895 'in
1163 2836 1359 2919 perpetuum

310 2937 327 2971 ‘⁴
350 2931 568 3010 defendemus,
584 2953 642 3020 per
656 2937 841 3019 praesentes.
887 2932 931 2996 In
945 2932 1039 3018 eujus
1053 2931 1102 2998 rei
1120 2932 1358 3013 testimonium,

309 3040 328 3068 “
349 3033 425 3100 huio
457 3035 614 3121 praesenti
650 3035 771 3123 seripto
803 3056 875 3100 meo
897 3033 1043 3123 sigillum
1078 3055 1187 3100 meum
1210 3037 1356 3122 apposui

309 3143 328 3170 “
350 3135 427 3200 Hiis
441 3134 592 3215 testibus,
606 3134 771 3202 Willelmo
787 3136 911 3216 Laken,
927 3135 1109 3202 Seneseallo
1123 3136 1356 3224 praedictorum

309 3245 328 3272 “
348 3237 491 3304 Abbatis
528 3244 563 3304 et
601 3237 803 3319 Conventus,
839 3238 984 3304 Henrieo
1021 3238 1194 3326 Pnowyke,
1233 3237 1358 3306 Thema

307 3346 328 3377 “
350 3340 486 3422 Broket,
524 3341 765 3408 Bartholomaeo
803 3341 934 3427 Helley,
959 3340 1148 3428 Armigeris,
1179 3339 1356 3408 Edmundo

310 3449 327 3478 “
348 3443 497 3529 Westby,
522 3443 766 3523 Hundredario,
790 3442 935 3510 Henrieo
959 3442 1088 3530 Dipone,
1111 3442 1235 3510 ballivo
1267 3444 1356 3512 villae

309 3551 328 3580 “
349 3546 390 3612 de
413 3544 535 3612 Sanoto
568 3545 700 3612 Albano
732 3545 906 3632 praediotae,
928 3567 966 3612 aa
995 3545 1069 3610 aliis
1099 3544 1220 3613 multia
1266 3545 1357 3613 Data

309 3646 438 3734 “apud
472 3647 586 3712 viliam
618 3647 659 3713 da
693 3647 815 3714 Sancto
837 3646 968 3713 Albano
1001 3646 1200 3734 praedictam,
1224 3648 1355 3734 quinto-

309 3755 328 3784 “
350 3749 477 3816 deeimo
511 3749 565 3815 die
597 3749 719 3815 mensis
758 3748 971 3836 Septembris,
1003 3769 1091 3815 anno
1128 3749 1222 3838 regni
1255 3749 1356 3838 Regis

308 3859 326 3886 “
349 3850 496 3930 Henrioi‚
521 3850 617 3917 Sexti
639 3856 715 3938 post
739 3850 982 3938 Conquaestum,
1005 3851 1168 3918 tiioesimo
1191 3852 1324 3939 primo.''

354 3953 399 4020 Et
412 3957 506 4042 patet
519 3952 556 4019 in
571 3953 635 4019 hiis
649 3954 760 4040 paucis
782 3953 889 4040 qualis
911 3953 956 4019 sit
977 3973 1143 4041 prooessus
1156 3953 1356 4020 inductionis

307 4054 439 4120 illorum
461 4060 625 4121 terrarum
642 4059 677 4122 et
690 4059 964 4137 tenementorum,
980 4055 1022 4122 ds
1036 4055 1155 4142 quibus
1169 4055 1210 4120 fit
1230 4056 1355 4121 mentio

308 4157 345 4223 in
365 4157 549 4244 praemissis.

342 4421 350 4454 ¹
361 4431 399 4473 eet
408 4421 434 4472 in
445 4421 502 4474 MS.
830 4423 836 4492 Ι
882 4422 893 4456 ²
904 4425 1076 4489 imperpetuum
1087 4421 1113 4472 in
1124 4421 1180 4474 MS.
