3668 5842
520 909 693 960 sonisnrs
715 909 1000 959 wnmnuususos
1021 907 1200 958 escoron.
1310 891 1373 956 321

371 1095 496 1179 Abbes,
527 1099 606 1164 visis
637 1097 759 1164 litteris
790 1096 896 1177 dictis,
920 1101 954 1162 et
984 1095 1143 1184 perlectis,
1171 1093 1373 1180 receptisque
1387 1104 1455 1155 Ab.
1473 1107 1545 1155 ress.

328 1199 530 1265 munusculis
562 1199 602 1266 de
636 1199 756 1287 quibus
786 1199 828 1264 fit
862 1198 986 1264 mentio
1010 1199 1047 1263 in
1076 1195 1262 1284 praemissis,
1294 1216 1374 1261 mox
1387 1182 1541 1302 ἓξὲξ*

328 1298 490 1367 oulsmum
524 1302 673 1387 sumpsit,
704 1306 738 1368 et
770 1299 943 1378 scedulam,
974 1300 1202 1387 rescripsitque
1234 1299 1373 1386 presiate
1387 1286 1518 1376 mesela

328 1403 487 1469 monacho
510 1402 687 1490 quemdem
709 1404 844 1469 brevem
867 1401 1140 1490 regratietoriem,
1163 1401 1256 1488 cujus
1279 1382 1512 1504 “¹¹⁰er

329 1501 384 1568 hic
404 1503 622 1591 subsequitur,
644 1528 702 1592 per
722 1506 809 1571 hunc
832 1504 1023 1571 modum-
1481 1489 1488 1502 ⁹

374 1610 392 1639 “
407 1605 612 1674 ¹Recolende
630 1608 736 1687 Peter,
748 1613 782 1674 et
797 1605 1081 1674 Domine-Visis
1095 1609 1214 1671 vestroe
1229 1605 1378 1670 Paterni·

331 1711 350 1742 “
372 1707 451 1772 tetis
472 1707 627 1795 apicibus,
650 1731 807 1775 unacum
830 1708 958 1775 duobus
972 1707 1227 1795 placentioribus
1242 1729 1377 1772 munus·

328 1815 348 1842 “
371 1809 451 1876 culis
483 1812 611 1889 vestris,
643 1833 747 1898 nuper
780 1812 876 1876 nobis
909 1810 1024 1888 missis,
1061 1831 1136 1875 cum
1178 1808 1378 1886 munusculo,

330 1917 348 1944 “
372 1909 534 1990 videlicet,
570 1912 728 1999 regularis
758 1912 894 1979 habitus
927 1917 1045 1978 vestrae
1076 1912 1202 1990 domus,
1232 1915 1267 1976 et
1304 1931 1379 1975 oum

330 2020 347 2048 “
370 2035 506 2081 munere
526 2014 695 2100 cujusdem
717 2015 889 2081 tractetuli
913 2016 954 2081 de
976 2015 1100 2081 Ordine
1125 2013 1258 2080 Militiae
1283 2013 1379 2101 regni

333 2122 352 2153 “
375 2115 484 2201 hujus,
507 2116 543 2180 in
573 2123 669 2182 tanto
700 2117 820 2184 laetiori
843 2118 936 2185 oculo
967 2117 1040 2182 illos
1073 2116 1307 2204 perspeximus,
1337 2116 1380 2182 de

332 2227 349 2254 “
371 2224 497 2304 quanto
531 2241 573 2284 ex
604 2195 661 2284 illo
683 2217 893 2307 lprocessisse
925 2219 1035 2285 animo
1067 2219 1298 2299 intelleximus,
1323 2219 1382 2305 qui

333 2325 521 2386 “recenter
558 2321 748 2387 recordetur
795 2321 1013 2388 humanitatis
1045 2321 1213 2402 exhibitae,
1252 2321 1383 2410 exiguae

334 2431 352 2459 “
373 2422 533 2509 quemvis,
570 2433 604 2488 et
641 2420 842 2505 ³exi11imae3
882 2445 942 2490 nec
978 2423 1069 2502 solet,
1107 2430 1147 2488 ut
1194 2423 1293 2492 moris
1331 2430 1383 2491 est

331 2533 349 2559 “
370 2523 526 2611 plurium,
550 2524 664 2590 statim
688 2531 763 2612 post
786 2525 1012 2612 digestionem,
1035 2531 1170 2614 gustato
1191 2529 1319 2596 modico
1341 2529 1383 2596 de

334 2635 350 2662 “
375 2626 509 2692 Lethaeo
532 2626 656 2713 poculo,
672 2627 898 2693 transmittere
921 2627 957 2692 in
980 2627 1187 2696 oblivionem.
1232 2631 1274 2696 In
1288 2637 1384 2700 tanto

334 2737 350 2763 ‘¹
373 2728 473 2795 etism
491 2727 557 2794 duo
580 2733 692 2793 vestre
713 2729 908 2794 munuscula
930 2729 1066 2795 fuerunt
1081 2731 1176 2796 nobis
1192 2735 1385 2821 acceptiora,

332 2837 351 2867 “
374 2830 415 2896 de
449 2835 572 2916 quanto
605 2829 736 2894 illorum
776 2851 879 2895 unum
917 2830 1043 2897 invitet
1074 2853 1133 2898 nos
1170 2835 1213 2901 ad
1250 2838 1384 2920 bonum,

334 2941 351 2968 “
373 2931 515 2998 alterum
537 2953 615 2998 vero
630 2931 767 3004 instruit
781 2933 825 2998 ed
839 2953 953 3014 mores,
970 2938 1005 2998 et
1028 2932 1086 3000 det
1101 2934 1384 3010 doctrinationem.

335 3034 522 3099 “Habitus
553 3034 642 3098 enim
665 3039 775 3098 vester
806 3033 849 3098 ed
872 3033 978 3099 vitam
1010 3037 1206 3104 sanctiorem
1228 3063 1288 3107 nos
1311 3041 1386 3108 ⁴in-

334 3144 352 3174 “
375 3137 482 3216 vitat3
506 3141 638 3202 sanctus
655 3135 744 3200 enim
767 3142 827 3218 est,
842 3142 877 3203 et
892 3142 1043 3203 sunctum
1066 3139 1109 3204 sd
1132 3163 1165 3206 se
1188 3143 1303 3224 trehit,
1319 3169 1386 3214 non

335 3247 352 3273 ‘¹
374 3245 524 3303 sunctum
557 3236 639 3302 ³auc
671 3237 832 3303 emendat.
877 3238 1086 3306 Tractatulus
1118 3243 1238 3331 quippe
1269 3248 1386 3334 plenus

337 3347 356 3375 “
377 3346 427 3406 est
448 3338 649 3426 pinguedine
673 3339 805 3404 morulis
832 3341 989 3420 scientiae,
1011 3343 1243 3433 moraliterque
1268 3372 1386 3416 unum-

337 3447 539 3527 “quemque
561 3440 709 3518 instruit,
733 3440 849 3526 quiin
872 3442 943 3530 ipso
968 3443 1023 3509 vel
1044 3443 1150 3533 legere
1172 3449 1225 3515 vel
1255 3454 1387 3520 studere

338 3544 467 3610 “velit
526 3543 572 3608 Et
610 3550 792 3629 propterea,
823 3544 851 3609 si
881 3565 946 3610 non
979 3547 1147 3615 venissent
1190 3552 1315 3621 locuste
1353 3564 1388 3623 et

338 3645 520 3711 “bruchus
558 3645 593 3709 in
630 3651 760 3711 nostres
793 3645 914 3734 fruges,
946 3653 981 3714 et
1014 3649 1228 3721 devorassent
1259 3657 1389 3747 singule

338 3753 358 3783 “
381 3747 475 3833 quusi
511 3744 695 3834 grenellule
723 3746 760 3811 in
797 3749 908 3834 petria
941 3755 1063 3831 nostra,
1094 3754 1290 3845 intelligatis
1319 3782 1388 3840 vos,

338 3858 356 3885 “
377 3853 478 3936 prout
499 3847 611 3927 vultis,
634 3847 809 3915 fuissemus
832 3850 927 3916 vobis
957 3873 1016 3938 pro
1037 3857 1158 3921 vestris
1187 3863 1389 3930 munusculis

338 3961 355 3994 “
378 3949 558 4018 retributor
579 3951 664 4028 telis,
696 3950 824 4035 qualem
849 3952 1009 4021 decuisset
1038 3978 1099 4022 nos
1120 3958 1229 4040 fuisse,
1251 3962 1390 4048 placuis·

338 4059 357 4089 “
378 4073 558 4137 semusque,
582 4072 648 4116 non
672 4051 860 4130 diffidimus
883 4053 1000 4120 melius
1030 4058 1132 4125 vobis.
1180 4061 1279 4128 Modo
1302 4086 1390 4156 vero,

339 4161 357 4190 ‘¹
378 4153 457 4220 licet
486 4154 567 4219 assit
600 4151 762 4230 voluntas,
796 4153 908 4219 deficit
940 4161 1050 4223 temen
1081 4159 1227 4244 facultas,
1251 4165 1294 4230 ed
1316 4189 1392 4234 con·

338 4255 576 4322 “vertendum
598 4259 659 4319 cut
690 4254 863 4321 tristitiem
895 4261 1040 4324 vestram
1072 4260 1106 4326 in
1138 4265 1307 4350 gaudium,
1332 4279 1391 4336 out

339 4366 359 4393 “
381 4357 548 4424 miserium
585 4357 620 4420 in
653 4377 836 4422 successum
868 4379 1070 4447 prosperum,
1105 4385 1163 4431 seu
1190 4367 1390 4442 felicitatem.

375 4585 757 4648 'Tlreflrstletterisomitterh
775 4588 841 4638 tobe
919 4577 1198 4649 ‘iesuyarnneynee

340 4667 454 4730 supplied
465 4665 676 4718 inilluminstion.
922 4657 1072 4726 'Probably
1083 4660 1123 4712 ior
1139 4671 1227 4728 onem,
1244 4667 1289 4718 but
1305 4675 1350 4720 out
1366 4669 1394 4722 in

373 4743 629 4811 ’proceciueinlffi
890 4737 1001 4803 Reyner.

376 4822 499 4873 ’ailino
511 4823 539 4874 in
550 4822 607 4875 MS.

1238 4927 1263 4970 X
