3668 5842
531 900 706 953 cossurus
730 899 1017 953 remunerans
1037 901 1217 954 securos.
1320 883 1385 958 26⁷

341 1095 363 1128 “
385 1091 462 1169 suis,
500 1111 560 1178 pro
594 1090 756 1176 jocalibus
793 1097 827 1159 et
863 1092 1064 1160 ornamentis
1093 1093 1268 1181 praedictis,
1314 1091 1386 1159 ficri
1398 1085 1468 1140 ffl-
1483 1087 1553 1139 ¹4⁵⁷·

341 1198 361 1228 “
382 1193 540 1272 volentes,
574 1200 613 1260 ut
644 1199 804 1274 tenemur,
826 1195 868 1262 de
898 1197 1006 1284 gratia
1038 1201 1153 1263 nostra
1185 1197 1326 1284 speciali,
1352 1200 1388 1263 et

343 1300 362 1331 “
384 1295 425 1361 de
447 1296 652 1363 avisamento
676 1297 812 1364 Consilii
833 1297 948 1378 nostri,
965 1297 1005 1364 ad
1022 1297 1153 1365 laudem
1175 1304 1210 1365 et
1231 1299 1388 1366 honorem

345 1401 364 1434 ‘¹
385 1397 455 1475 Dei,
480 1399 593 1466 Bcetae
622 1399 772 1488 Virginis
804 1399 930 1481 Mamm,
954 1422 992 1466 ac
1025 1400 1068 1466 ob
1098 1401 1269 1488 specialem
1292 1402 1389 1468 devo-

343 1505 362 1536 “
384 1501 519 1582 tionem,
551 1523 651 1588 quam
673 1503 717 1568 ad
747 1502 874 1568 dictum
906 1503 1066 1570 Sanctum
1099 1504 1274 1582 Albanum,
1298 1505 1392 1594 regni

345 1611 363 1638 “
384 1604 489 1668 nostri
511 1603 643 1692 Anglioe
657 1603 669 1642 ¹
681 1603 971 1691 Protomartyrem,
994 1605 1137 1693 gerimus
1168 1610 1202 1672 et
1224 1605 1390 1685 habemus,

346 1713 363 1740 “
385 1726 512 1771 necnon
534 1707 571 1771 in
592 1712 721 1793 parbem
743 1707 1053 1794 recompensationis
1075 1712 1110 1772 et
1133 1705 1391 1774 isatisfactionis

344 1816 362 1843 ‘⁴
384 1829 444 1894 pro
472 1808 633 1894 jocalibus
667 1813 702 1874 et
734 1810 934 1874 ornamentis
966 1809 1138 1896 praedictis,
1164 1810 1391 1892 concessimus,

345 1919 363 1945 “
385 1932 443 1999 pro
466 1911 560 1978 nobis
576 1917 610 1978 et
632 1911 818 1978 haeredibus
833 1912 962 1989 nostris,
985 1913 1200 1999 quantumin
1222 1913 1318 1979 nobis
1333 1919 1392 1992 est,

344 2019 363 2049 “
386 2013 510 2080 eisdem
531 2035 620 2080 nunc
643 2013 769 2080 Abbati
803 2018 837 2079 et
864 2013 1062 2094 Conventui,
1087 2020 1122 2081 et
1154 2015 1391 2082 successoribus

343 2122 363 2152 “
378 2116 454 2195 suis,
478 2117 565 2203 quod
595 2116 666 2204 ipsi,
689 2116 732 2182 ad
766 2116 949 2202 quamlibet
981 2117 1220 2184 concessionem
1253 2119 1294 2184 de
1315 2141 1391 2186 con-

344 2224 361 2253 “
384 2217 584 2285 cessionibus
617 2218 756 2305 alicujus
778 2218 922 2298 decimae,
945 2224 1006 2286 aut
1036 2219 1224 2286 medietatis
1247 2221 1390 2300 decima,

344 2328 363 2357 “
386 2321 455 2387 sive
478 2321 586 2387 tertiae
607 2321 711 2408 partis
735 2319 877 2400 dccimae,
893 2326 953 2387 aut
976 2326 1105 2407 quartae
1128 2323 1232 2410 partis
1248 2323 1390 2402 decimae,

344 2429 363 2461 “
384 2423 480 2489 nobis
502 2445 561 2510 per
582 2424 705 2489 clerum
726 2423 821 2511 regni
843 2423 949 2489 nostri
971 2424 1113 2512 Angiiae,
1129 2425 1171 2490 ab
1194 2447 1280 2490 anno
1296 2427 1390 2512 regni

342 2531 361 2562 ¹⁸
384 2527 491 2592 nostri
512 2525 686 2606 tricesimo,
709 2525 875 2605 concessis,
891 2531 952 2592 aut
966 2527 1070 2605 nobis,
1085 2548 1143 2592 seu
1165 2527 1265 2594 alicui
1287 2528 1390 2595 heere·

343 2629 461 2694 “dum
484 2633 680 2707 nostrorum,
706 2649 837 2695 exnunc
859 2628 1082 2709 concedendis,
1117 2629 1186 2694 sint
1219 2630 1324 2716 quieti
1356 2635 1391 2696 et

342 2730 553 2797 “exonerati
583 2753 661 2820 erga
693 2752 761 2812 nos,
792 2736 828 2796 et
850 2731 980 2797 eosdem
1015 2731 1160 2797 haeredes
1189 2737 1326 2809 nostros,
1349 2733 1390 2798 de

341 2842 360 2870 “
383 2834 504 2920 viginti
526 2832 620 2898 libris
647 2833 689 2899 de
714 2832 903 2918 hujusmodi
937 2833 1073 2915 decima,
1097 2839 1131 2898 et
1162 2833 1274 2899 decem
1298 2833 1390 2899 libris

342 2945 361 2974 “
384 2937 424 3004 de
446 2937 624 3003 medietate
639 2935 782 3016 decimae,
800 2941 835 3002 ct
850 2937 961 3002 decem
983 2936 1101 3002 mercis
1117 2935 1158 3002 de
1180 2937 1281 3002 tertia
1295 2942 1390 3024 perte

343 3046 361 3076 ‘⁴
385 3039 526 3120 decimae,
550 3040 640 3105 etde
656 3043 789 3104 centum
804 3037 917 3104 solidis
939 3037 980 3104 de
996 3041 1116 3125 quarta
1130 3042 1224 3125 parte
1246 3039 1391 3119 decimae,

343 3149 361 3179 ‘⁴
385 3143 430 3207 sic
452 3141 618 3221 concessis,
641 3142 712 3206 sive
734 3141 956 3219 concedendis,
979 3162 1037 3228 per
1060 3141 1190 3207 eosdem
1212 3162 1301 3208 nunc
1322 3141 1391 3207 Ab·

341 3253 359 3281 “
381 3244 542 3310 tetemet
557 3243 776 3322 Conventum,
799 3243 869 3308 sive
891 3265 950 3330 per
972 3264 1167 3310 successores
1190 3266 1274 3322 suos,
1288 3244 1391 3330 juxta

342 3357 359 3384 “
380 3347 518 3414 formam
533 3346 773 3412 concessionum
788 3345 928 3425 illarum,
940 3345 1113 3426 solvendis,
1125 3369 1293 3434 quousque
1307 3369 1391 3434 prae-

344 3450 463 3517 “dicti
495 3469 584 3516 nunc
604 3449 717 3515 Abbes
750 3453 785 3514 et
815 3449 1015 3529 Conventus,
1039 3454 1074 3514 et
1103 3471 1300 3517 successores
1331 3451 1391 3529 sui,

342 3559 359 3590 ‘¹
381 3550 501 3640 ⁸[sint]
525 3551 625 3618 soluti
648 3555 683 3616 et
714 3553 897 3617 contentati
927 3551 968 3618 de
1001 3573 1128 3618 summe
1165 3557 1390 3619 sexcentarum

341 3656 540 3721 “librarum
562 3654 599 3719 in
622 3652 726 3719 forma
749 3653 907 3742 praedicta
919 3679 928 3735 ;
951 3677 989 3722 ac
1012 3677 1059 3734 eo,
1075 3655 1163 3742 quod
1179 3656 1280 3722 iidem
1304 3678 1391 3722 nunc

340 3767 358 3795 “
380 3758 493 3826 Abbas
516 3762 550 3822 ct
574 3756 773 3837 Conventus,
795 3761 830 3822 et
861 3779 1058 3824 successores
1080 3758 1140 3840 sui,
1164 3757 1307 3838 fuerunt,
1331 3769 1390 3824 out

341 3861 449 3926 “sint
481 3860 637 3937 fortassis,
660 3864 771 3946 partes
793 3864 853 3925 aut
882 3866 1026 3948 agentes,
1050 3859 1121 3926 sive
1142 3859 1389 3936 consentientes,

341 3969 358 3999 “
380 3962 544 4049 aliquibus
566 3961 755 4048 hujusmodi
769 3961 1028 4028 concessionibus
1050 3961 1225 4049 praedictis,
1249 3983 1307 4048 per
1326 3961 1389 4027 cle·

342 4074 360 4101 “
381 4087 454 4130 rum
484 4065 680 4152 praedictum
709 4063 876 4142 concessis,
911 4064 982 4130 sive
1014 4064 1236 4148 concedendis,
1263 4086 1320 4130 scu
1343 4086 1389 4143 eo,

341 4176 359 4203 “
381 4167 468 4254 quod
490 4189 642 4254 expresse
674 4167 798 4232 mentio
827 4167 869 4234 de
891 4167 965 4232 aliis
987 4166 1091 4245 donis,
1113 4168 1183 4232 sive
1214 4166 1391 4232 concessio·

341 4275 360 4306 “
381 4269 488 4352 nibus,
511 4271 632 4336 eisdem
664 4291 753 4335 nunc
775 4269 901 4336 Abbati
924 4274 958 4334 et
981 4269 1176 4347 Conventni,
1204 4275 1239 4334 et
1269 4290 1391 4336 succes·

342 4382 360 4409 “
381 4372 509 4440 scribas
542 4375 625 4453 suis,
642 4380 702 4440 aut
731 4372 1020 4460 praedecessoribus
1051 4373 1128 4453 suis,
1150 4395 1208 4459 per
1239 4395 1307 4455 nos,
1330 4378 1390 4438 aut

341 4483 360 4512 “
381 4477 605 4564 progenitores
628 4479 764 4556 nostros,
781 4481 858 4543 ante
872 4477 944 4542 baec
966 4481 1115 4563 tempora
1129 4474 1231 4555 factis,
1248 4477 1285 4541 in
1307 4497 1389 4563 prae·

374 4757 712 4830 mamaeam.
923 4775 1162 4829 ³omiseoaus.

374 4855 663 4921 messanensem.
