3640 5842
446 873 511 938 342
782 883 981 934 nnorsrsmr
1002 881 1161 932 mmmm

280 1083 464 1143 aD.145a“
486 1075 620 1164 perdere
642 1077 806 1163 populum,
830 1097 886 1141 seu
908 1075 943 1141 in
967 1073 1077 1161 aliquo
1099 1073 1283 1162 inquietare
1304 1073 1489 1161 ²tranquil·

447 1179 618 1246 “litatem
661 1179 755 1266 regni
799 1179 876 1261 sui;
919 1177 1058 1256 'immo
1096 1177 1300 1243 solummodo
1337 1183 1489 1264 appetere

447 1283 673 1368 “hujusmodi
704 1281 823 1347 habere
850 1283 1090 1370 gratiamque
1111 1281 1279 1345 valeamus
1301 1301 1375 1346 oum
1392 1281 1490 1367 plena

446 1393 464 1420 “
487 1384 662 1450 securitate
694 1383 844 1450 accedere
877 1385 920 1449 ad
951 1383 1053 1448 altum
1090 1383 1300 1469 presentiam
1337 1389 1489 1462 vestram,

447 1495 464 1523 “
487 1487 702 1573 exaudirique
724 1488 846 1553 nedum
861 1488 898 1552 in
912 1485 1010 1552 certis
1032 1486 1188 1566 artiurlis,
1204 1506 1265 1573 pro
1287 1485 1374 1550 bono
1396 1486 1491 1572 regni

447 1599 464 1626 “
487 1590 523 1654 in
545 1595 659 1654 nostra
680 1589 831 1677 opinione
863 1611 921 1676 per
953 1609 1014 1653 nos
1040 1589 1212 1674 conceptis,
1235 1586 1360 1654 ²immo
1390 1587 1490 1653 etiam

448 1692 647 1758 “declarari
676 1692 714 1756 in
744 1691 809 1758 hiis
846 1692 1008 1770 omnibus,
1035 1711 1108 1776 quae
1139 1689 1267 1776 objecta
1300 1694 1388 1770 sunt,
1422 1690 1491 1755 sive

449 1805 466 1832 ⁴⁴
489 1793 697 1880 ³0bjieienda
721 1800 827 1874 erunt,
850 1798 965 1860 contra
994 1813 1054 1858 nos
1075 1793 1118 1857 ab
1140 1792 1339 1857 adversariis
1361 1792 1492 1856 nostris.

451 1907 468 1934 “
491 1898 625 1963 Stemus
647 1897 736 1962 enim
758 1918 818 1983 pro
840 1897 985 1962 nuncin
1007 1895 1219 1960 ulterioribus
1247 1893 1370 1959 finibus
1399 1893 1492 1980 regni

451 2010 468 2036 “
490 1999 599 2077 vestri,
622 2000 671 2064 ita
693 2001 781 2085 quod
802 2020 870 2064 non
891 2003 996 2064 restat
1016 1997 1112 2063 nobis
1134 1996 1270 2062 ulterior
1291 2017 1365 2062 cum
1380 2000 1493 2062 nostro

451 2112 469 2140 “
491 2104 613 2169 honore
650 2101 865 2168 subtrahendi
902 2102 999 2167 loeus.
1060 2099 1209 2166 Coartati
1238 2099 1349 2186 igitur,
1382 2097 1493 2185 potius

453 2212 471 2241 “
494 2228 593 2292 quam
608 2204 804 2285 concordati,
821 2204 978 2291 elegimus
993 2203 1029 2267 in
1044 2201 1227 2268 confinibus
1242 2201 1379 2280 Walliae,
1394 2221 1494 2288 prope

452 2308 607 2372 “villam
639 2307 680 2372 de
712 2307 860 2388 Ludlow,
893 2327 962 2371 non
992 2303 1124 2391 quidem
1162 2325 1205 2370 ex
1240 2303 1493 2391 praesumptione

453 2417 471 2447 ‘⁴
494 2409 640 2496 spiritus,
662 2414 723 2474 ant
752 2410 789 2474 in
821 2407 984 2475 erectione
1006 2407 1150 2487 cervicis,
1173 2403 1294 2472 ²imm0
1316 2407 1436 2484 verius,
1458 2407 1495 2471 in

453 2518 470 2548 ‘¹
492 2511 606 2576 vultus
639 2510 875 2589 humiliatione,
898 2514 933 2576 et
963 2509 1183 2596 prostratione
1220 2509 1370 2596 corporis,
1399 2507 1496 2574 nobis

453 2613 649 2680 “stationis
682 2635 842 2699 campum,
866 2612 1088 2700 praestolaturi
1118 2612 1154 2676 in
1178 2612 1291 2678 eadem
1314 2612 1495 2698 gratiosum

451 2725 469 2754 ‘¹
492 2716 674 2782 adventum
697 2720 852 2782 vestrum.
899 2715 1005 2795 Quem
1036 2715 1158 2780 nedum
1189 2713 1283 2780 nobis
1306 2715 1495 2802 gratiosum,

453 2825 471 2856 “
494 2817 619 2884 *immo
642 2818 752 2899 etism,
766 2817 866 2905 pium,
883 2816 1084 2904 placabilem,
1100 2821 1135 2882 et
1148 2817 1327 2902 pacificum,
1350 2817 1417 2882 fore
1440 2839 1497 2881 an·

452 2931 470 2958 “
492 2925 576 2986 nuat
597 2920 654 2987 ille
676 2920 832 3007 Princeps
853 2921 952 3008 pacis,
977 2919 1070 3004 cujus
1092 2919 1295 3006 principatus
1317 2919 1423 2984 factus
1445 2925 1496 2984 est

453 3032 591 3112 “super
615 3024 789 3088 humorum
822 3023 899 3108 ejus,
923 3019 1179 3109 multiplicatum
1213 3041 1292 3086 vero
1323 3021 1496 3108 imperium

456 3135 474 3162 “
495 3146 598 3213 usque
620 3126 662 3191 ad
685 3125 842 3192 terminos
865 3123 953 3189 orbis
975 3123 1163 3188 terrarum.'’

285 3238 340 3289 'Ine
351 3235 422 3304 King
500 3229 574 3294 Rex
595 3228 680 3292 hano
694 3226 874 3314 epistolam,
890 3225 927 3289 in
944 3225 1118 3311 praesentia
1133 3245 1194 3291 sua
1207 3227 1335 3308 lectam,
1351 3227 1496 3306 audiens,

286 3304 438 3368 ²⁹⁹¹⁰²⁰h⁰⁵
456 3333 490 3394 et
512 3328 574 3393 sub
607 3327 717 3394 verbis
747 3328 924 3394 locutionis
954 3327 1079 3392 melleae
1103 3348 1276 3405 venenum,
1308 3329 1402 3394 velut
1435 3331 1497 3396 sub

285 3371 330 3421 the
345 3385 443 3435 enemy,

287 3438 336 3486 and
346 3451 402 3500 pre·
454 3428 555 3495 herba
570 3450 719 3516 anguem,
736 3428 900 3494 sublatere
922 3427 1128 3514 4oonjioiens,
1140 3429 1241 3515 jussit
1256 3429 1364 3496 adhuc
1378 3433 1498 3497 iterum

286 3517 358 3567 putes
370 3509 397 3554 to
683 3532 689 3545 ·
783 3531 790 3545 ·
1005 3531 1012 3546 .
1321 3533 1329 3548 .
1449 3535 1456 3550 .

287 3569 378 3621 ,meh
454 3553 549 3598 suum
571 3532 693 3596 elevari
713 3531 884 3608 vexillum,
906 3537 1151 3617 exerortumque
1181 3533 1331 3620 progredi
1360 3533 1498 3600 ultenus

455 3635 490 3699 in
521 3633 651 3712 itinere,
684 3633 720 3698 in
752 3635 943 3700 aemulorum
976 3634 1261 3720 captivationem
1298 3637 1498 3723 veniensque

454 3737 587 3803 demum
602 3737 744 3823 deprope
767 3735 861 3802 illum
884 3757 1043 3823 campum,
1062 3737 1119 3802 ubi
1134 3737 1198 3824 ipsi
1213 3737 1349 3803 Domini
1364 3739 1498 3806 fuerunt

288 3831 426 3949 Hgggffl
454 3840 687 3916 castrametati,
703 3859 858 3925 suamque
879 3845 1056 3925 posuerant
1078 3839 1227 3905 bellicam
1250 3841 1499 3924 ordinationem,

287 3917 386 4029 laps
455 3943 533 4010 fixit
554 3943 654 4008 eoam
681 3941 750 4028 ipse
782 3942 912 4022 ibidem,
936 3943 996 4006 vix
1027 3941 1261 4007 semisermo
1292 3942 1499 4031 interposito,

289 4032 437 4148 {gffi’m
456 4051 564 4112 castra
594 4065 661 4112 sua.
708 4044 836 4125 Quibus
867 4045 955 4126 fixis,
978 4044 1173 4130 aciebusque
1206 4045 1381 4131 dispositis,
1398 4049 1500 4135 jussit

288 4164 422 4216 meinam-
458 4170 535 4214 mox
557 4148 634 4213 hinc
656 4147 733 4212 inde
755 4147 947 4233 proclama-ri
979 4169 1057 4212 voce
1080 4148 1150 4214 alta
1171 4149 1207 4212 in
1230 4169 1289 4214 sua
1311 4149 1389 4232 acie,
1411 4153 1499 4237 quod

289 4237 438 4348 ffiffim
456 4252 642 4338 quicunque
664 4256 813 4336 exparte
836 4249 986 4336 opposita
1007 4249 1108 4316 vellet
1130 4273 1225 4316 suum
1248 4273 1388 4318 errorem
1403 4255 1501 4320 relin-

290 4363 437 4496 affice
457 4373 564 4440 quere,
587 4351 801 4438 accedereque
823 4353 867 4416 ad
889 4351 989 4439 Regis
1014 4354 1234 4439 praesentiam,
1257 4359 1292 4420 et
1321 4356 1501 4422 misericor·

730 4565 907 4572 --.—---—.
933 4565 1023 4571 ..—..-.

492 4699 500 4732 ¹
513 4698 702 4763 tranquilitatem
713 4699 739 4748 in
752 4699 808 4750 MS.
1035 4699 1182 4750 ³oticimda
1193 4701 1220 4750 in
1231 4701 1288 4753 MS.

491 4779 564 4846 {prro
574 4778 600 4828 in
611 4777 669 4832 M&
1037 4779 1047 4809 ⁴
1058 4781 1175 4830 wnioim
1186 4780 1212 4830 in
1224 4779 1280 4832 MS.
