3668 5842
464 866 529 929 252
795 881 995 932 nuursruuu
1016 879 1175 931 nemrim

293 1072 481 1128 n.1).14⁵o.“
502 1065 538 1131 in
553 1065 684 1153 Anglia‚
699 1063 830 1144 Walliu,
845 1065 915 1133 sive
937 1065 973 1130 in
988 1066 1143 1133 Marehiis
1165 1068 1354 1151 eorundem,
1369 1069 1407 1134 in
1421 1076 1510 1138 terra

462 1176 480 1203 “
502 1173 612 1234 vestre
633 1167 814 1246 Hiberniae,
837 1167 873 1232 in
896 1167 1077 1254 Guysneys,
1093 1168 1259 1250 Oalaesiis,
1273 1176 1334 1236 cut
1358 1171 1395 1237 in
1418 1174 1509 1240 Mar·

461 1277 480 1306 “
503 1269 584 1335 chiis
606 1270 794 1352 eorundem,
817 1270 871 1336 vel
904 1269 941 1335 in
973 1271 1093 1350 Scotia,
1116 1271 1187 1338 sive
1219 1272 1255 1337 in
1283 1272 1509 1342 Orientalibus

461 1377 480 1408 “
501 1372 557 1438 vel
579 1373 615 1438 in
642 1372 910 1440 occidentalibus
934 1371 1113 1465 ¹Mnrchiie
1134 1375 1264 1463 Angliae
1288 1397 1402 1443 versus
1432 1378 1508 1445 Sco-

460 1480 480 1511 “
501 1475 592 1552 tiam,
608 1496 767 1556 concessu,
783 1476 820 1540 in
837 1497 956 1541 manus
972 1481 1006 1541 et
1019 1477 1235 1564 possessiones
1257 1483 1386 1546 vestras
1402 1487 1507 1568 cepte,

459 1581 478 1613 “
499 1578 622 1656 scisita,
643 1585 783 1658 retentu,
806 1583 841 1644 et
863 1583 1041 1664 resumpta,
1064 1585 1259 1646 remaneant
1288 1585 1323 1647 et
1352 1582 1508 1649 existunt.

459 1687 476 1715 “
498 1682 548 1746 Ac
563 1679 672 1757 etiam,
696 1680 785 1767 quod
807 1701 919 1747 omues
941 1679 1089 1756 honores,
1106 1686 1224 1760 cestra,
1240 1681 1394 1762 dominia,
1408 1684 1506 1763 villae,

459 1790 476 1818 “
497 1781 632 1864 villetae,
665 1783 820 1860 maneria,
852 1787 960 1862 terrae,
994 1787 1193 1861 tenemento,
1220 1787 1325 1864 vesta,
1349 1785 1508 1869 redditus,

459 1892 474 1920 “
497 1884 706 1966 reversiones,
739 1884 843 1963 feoda,
867 1883 979 1963 firmae,
1002 1889 1036 1950 et
1066 1885 1214 1964 servitia,
1248 1907 1320 1950 cum
1354 1887 1507 1954 omnibus

458 1996 476 2024 “
498 1987 565 2052 suis
587 1986 805 2074 pertinentiis,
829 2008 906 2072 que
925 1986 1060 2051 fuerunt
1084 1986 1125 2052 de
1149 1987 1281 2053 Ducatu
1298 1988 1508 2070 Lancestriae,

456 2098 475 2126 “
497 2095 531 2155 et
546 2113 565 2155 a
580 2089 675 2154 vobis
698 2089 857 2168 exierunt,
875 2089 944 2154 eive
966 2089 1179 2167 transierunt,
1196 2111 1253 2175 per
1276 2097 1404 2156 vestras
1429 2114 1506 2158 con-

458 2197 476 2228 “
497 2192 665 2273 cessiones,
688 2191 980 2272 confirmationem,
1002 2211 1060 2256 seu
1087 2191 1335 2270 relaxationem,
1358 2198 1417 2259 aut
1447 2215 1505 2281 per

456 2300 476 2329 “
497 2291 754 2360 ²uuctoritatem
776 2292 1001 2374 Parliameuti,
1025 2292 1079 2358 vel
1100 2294 1142 2358 de
1164 2293 1285 2380 quibua
1306 2294 1418 2382 aliqua.
1432 2317 1506 2382 per·

455 2405 473 2433 ‘⁶
495 2418 576 2462 aona
597 2419 655 2462 eeu
677 2417 824 2484 personae
846 2395 983 2461 fuerunt
1005 2395 1133 2474 scisitee,
1157 2395 1200 2460 ud
1226 2419 1323 2462 usum
1345 2403 1504 2476 vestrum,

454 2507 472 2534 “
494 2499 536 2564 ad
560 2519 653 2564 usum
678 2498 781 2586 patris
804 2497 915 2574 vestri,
938 2502 997 2562 aut
1019 2497 1063 2562 ad
1084 2497 1323 2576 executionem,
1338 2498 1409 2565 sive
1431 2522 1503 2586 per-

456 2610 475 2638 “
497 2601 738 2680 formationem,
754 2605 881 2679 vestrae,
904 2604 964 2665 eut
985 2620 1062 2678 suae,
1084 2597 1278 2680 voluntatis,
1301 2623 1323 2664 u
1345 2601 1502 2688 praedicto

455 2711 472 2739 “
496 2703 595 2769 Festo
618 2703 770 2768 similiter
791 2703 860 2768 sint
882 2707 987 2788 captu,
1010 2707 1185 2788 resumpta,
1208 2707 1244 2767 et
1265 2707 1416 2784 retente3
1445 2703 1502 2769 hu-

456 2812 473 2842 “
495 2805 613 2885 benda,
636 2805 789 2885 tenenda,
813 2810 847 2870 et
869 2804 1053 2883 retinenda,
1077 2803 1170 2868 vobis
1192 2803 1251 2868 ille
1280 2804 1390 2871 omnia
1421 2828 1503 2892 prae-

453 2917 472 2944 “
494 2909 603 2990 misse,
618 2907 655 2973 in
670 2913 704 2974 et
720 2909 760 2973 de
777 2906 999 2973 consimilibus
1014 2904 1238 2986 statu,forma,
1255 2915 1289 2971 et
1305 2907 1501 2986 conditione,

454 3017 472 3046 “
495 3016 595 3098 prout
610 3031 677 3087 vos,
701 3017 761 3075 aut
783 3009 903 3095 aliquis
926 3008 1011 3073 elius
1026 3007 1070 3072 ad
1085 3029 1182 3073 usum
1197 3015 1355 3088 vestrum,
1369 3009 1440 3076 sive
1455 3011 1498 3076 ud

455 3122 472 3151 “
495 3137 591 3180 usum
614 3113 697 3179 dicti
729 3112 834 3200 patria
865 3111 976 3189 vestri,
1007 3114 1067 3174 aut
1097 3111 1141 3176 ed
1164 3111 1401 3190 executionem,
1432 3113 1501 3178 sive

457 3224 474 3252 “
498 3215 795 3302 performationem,
812 3237 889 3293 suae,
912 3219 973 3278 aut
996 3217 1125 3292 vestrae,
1153 3211 1348 3291 voluntatis,
1370 3213 1428 3278 illa
1458 3215 1501 3280 ud

454 3327 470 3354 “
493 3319 618 3383 dictum
641 3317 783 3404 primum
800 3317 896 3394 diem,
911 3320 972 3380 aut
986 3314 1097 3401 aliquo
1121 3325 1267 3401 tempore
1288 3313 1381 3395 citru,
1396 3315 1500 3381 habu·

454 3427 472 3456 “
495 3419 577 3498 istis,
604 3419 658 3485 vel
684 3418 822 3498 habuit3
846 3417 956 3504 aliquo
986 3422 1071 3494 actu,
1099 3415 1170 3482 sive
1200 3417 1419 3498 ordinatione,
1442 3441 1500 3505 per

453 3531 470 3556 ⁴‘
494 3521 764 3600 Parliamantum,
781 3521 852 3586 sive
874 3543 933 3608 per
948 3539 1159 3607 quascunque
1173 3519 1318 3584 Litteras
1333 3520 1498 3600 Patentes,

452 3633 470 3660 “
493 3623 722 3701 concessiones,
745 3623 816 3688 sive
838 3627 955 3700 status,
977 3643 1036 3709 per
1057 3642 1125 3701 vos,
1141 3628 1201 3685 aut
1222 3621 1368 3708 aliquam
1390 3644 1498 3709 pereo·

362 3711 364 3716 ¹
451 3735 469 3763 “
492 3748 570 3791 nam
588 3725 643 3792 vel
664 3745 827 3813 personas,
852 3724 894 3791 de
915 3725 1027 3810 aliquo
1049 3723 1289 3810 premissorum
1311 3724 1498 3811 aliqualiter

453 3837 470 3864 “
491 3829 605 3910 factas,
629 3828 673 3892 ad
702 3847 758 3892 seu
787 3848 847 3914 pro
877 3827 988 3912 aliqua
1009 3845 1158 3912 persona,
1189 3846 1248 3890 seu
1270 3826 1426 3912 personis,
1455 3827 1498 3892 ad

451 3939 469 3967 “
493 3936 640 3997 vestram
664 3929 922 4016 requisitionem,
937 3933 997 3994 aut
1019 3927 1226 4006 desiderium,
1242 3927 1297 3992 vel
1310 3927 1416 4006 aliter,
1432 3949 1498 3993 non

450 4042 467 4070 “
490 4035 662 4100 obstante:
689 4032 841 4098 omnibus
863 4029 977 4096 officiis
999 4029 1080 4095 dieti
1103 4029 1254 4094 Duoetua
1278 4031 1393 4108 vestri,
1418 4031 1498 4096 talia

449 4146 466 4172 ‘¹
490 4136 601 4223 qualia
624 4135 714 4201 dioto
736 4135 843 4222 primo
867 4133 920 4199 die
943 4131 1049 4198 officia
1070 4131 1207 4197 fuerunt
1221 4131 1355 4211 ibidem,
1370 4153 1409 4196 ac
1430 4132 1497 4198 feo·

449 4249 466 4276 “
488 4240 548 4317 dia,
573 4238 688 4318 vadiis,
712 4243 746 4304 et
775 4235 932 4323 regurdis,
955 4240 1036 4300 tunc
1065 4256 1122 4300 seu
1149 4239 1248 4300 antee
1269 4233 1336 4299 illis
1366 4234 1496 4312 habitis,

449 4341 654 4408 “consuetis
685 4339 754 4406 aive
786 4336 1035 4426 pertinentibus,
1067 4335 1218 4423 exceptis.
1265 4335 1311 4400 Et
1347 4335 1496 4414 ulterius,

448 4453 467 4480 “
492 4443 581 4531 quod
604 4441 800 4509 omnimodae
823 4439 1043 4507 concessiones
1065 4437 1264 4514 reddituum,
1288 4437 1495 4504 reddituum-

356 4543 357 4546 '
446 4555 463 4586 “
486 4567 631 4626 onerum
648 4544 861 4610 annuitatu'm
876 4562 1021 4620 summae,
1037 4561 1095 4606 eeu
1109 4559 1313 4604 summarum
1338 4540 1495 4626 pecuniae,

462 4720 590 4728 ---——--
606 4717 739 4724 -..η-...-
1408 4713 1457 4720 -a—
1469 4715 1491 4720 —

479 4811 486 4843 ¹
500 4807 623 4859 Matella
633 4807 660 4857 in
672 4806 728 4857 MS.
967 4803 972 4868 l
1019 4802 1195 4852 'autoritatem
1208 4799 1233 4851 in
1245 4801 1301 4853 Ms.
